2332 3704
258 222 281 258 g
1124 210 1180 253 St.
1197 217 1253 253 10.

258 365 516 400 corroborare
543 364 581 397 et
608 371 715 396 arma
737 370 946 406 preparare
968 361 1112 396 monet.
1138 359 1321 395 Proxima
1342 359 1505 403 primum
1526 359 1676 394 oriente
1697 367 1838 394 aurora
1856 358 1975 403 legati
1996 357 2105 392 ducis

258 423 438 469 responsi
465 422 590 468 gratia
618 430 749 466 regem
775 420 1018 465 aggressuri,
1052 428 1139 454 cum
1165 418 1450 463 Longobardos
1478 417 1630 453 militari
1656 426 1772 452 manu
1798 426 1953 462 pugnae
1978 417 2106 451 inten-

258 485 350 520 dere
378 484 560 518 eventum
588 481 812 520 cernerent,
838 479 983 523 ipsum,
1011 478 1103 522 quid
1128 478 1203 512 hoc
1229 476 1489 522 significaret,
1523 478 1826 521 percunctantes
1861 478 2007 511 certam
2034 475 2106 510 ad—

257 552 394 579 versus
423 542 559 577 ducem
586 539 908 584 congressionem
935 538 1027 573 iussi
1054 538 1162 572 abire
1189 538 1459 581 perceperunt.
1503 535 1610 580 Quos
1631 535 1863 581 Hardwigus
1884 544 1970 570 cum
1990 544 2106 570 exer-

258 603 337 637 citu
364 610 467 646 pone
488 601 646 635 secutus
673 599 724 633 ad
750 598 985 643 Ungaricum
1013 599 1202 638 montem,
1241 596 1305 631 ubi
1345 596 1422 631 dux
1457 605 1544 631 cum
1570 595 1650 630 suis
1676 595 1830 640 legatos
1858 594 2106 639 expectabat,

258 662 342 697 sole
370 661 445 695 iam
474 659 671 694 mediante
698 657 876 702 pervenit
904 657 1134 701 hostesque,
1171 656 1349 702 quamvis
1388 664 1458 700 per
1495 654 1649 690 fodrum
1683 656 1722 689 et
1748 654 1798 689 ad
1825 653 2105 705 custodiendas

259 721 429 764 undique
468 719 552 753 vias
593 717 760 757 divisos,
797 719 929 751 tamen
969 716 1020 750 ad
1057 716 1318 751 resistendum
1345 716 1507 759 paratos
1535 714 1692 749 invenit.
1725 712 1950 758 Confligunt
1976 713 2108 757 itaque

259 780 452 823 utrimque
479 778 598 813 fortia
626 775 783 821 agmina
823 775 970 819 impetu
1008 775 1229 810 vehementi
1268 776 1325 815 et,
1364 773 1437 809 nisi
1462 773 1764 808 Teutonicorum
1790 772 1913 807 aciem
1939 771 2108 807 hostium

260 837 530 874 numerositati
558 837 745 881 imparem
772 836 865 880 fuga
893 833 1070 876 Ottonis,
1110 835 1283 880 germani
1317 834 1481 879 presulis
1508 833 1745 874 Gebehardi‚
1772 833 1946 868 turbaret
1973 835 2011 868 et
2037 833 2108 868 im-

259 898 431 942 pediret,
458 897 659 931 victricem
688 905 774 930 earn
801 895 926 930 hostis
954 894 1236 940 Langobardus
1263 895 1466 930 sensisset.
1506 893 1602 928 Tum
1628 902 1723 928 vero
1756 902 1804 928 ex
1831 902 1973 938 magna
1999 894 2109 937 parte

261 958 449 998 mutilata,
477 966 548 1001 pro
575 956 718 1001 pudor!
765 955 915 990 ceditur
941 957 979 990 et
1004 954 1194 990 victoriae
1221 955 1370 990 honore
1396 954 1590 999 privatur,
1627 954 1698 989 sed
1724 963 1803 989 non
1829 953 1913 988 sine
1941 952 2109 988 maximo

260 1017 459 1062 Hardwigi
487 1016 754 1051 detrimento.“

402 1085 644 1123 Hdalboldi
664 1085 768 1122 Vita
786 1084 984 1121 Heinrici
1002 1083 1123 1132 imp„
1151 1094 1183 1120 c.
1205 1084 1249 1120 15
1275 1083 1378 1128 (ΜΟ.
1397 1083 1479 1125 SS..
1499 1083 1558 1127 IV,
1579 1082 1679 1127 687):
1702 1082 1921 1123 „Tietoldus
1942 1090 2110 1124 namque

262 1148 447 1188 marchio,
474 1149 512 1182 et
540 1145 860 1190 archiepiscopus
886 1144 1112 1184 Ravennas,
1140 1146 1179 1179 et
1205 1143 1381 1188 episcopi
1407 1142 1661 1184 Mutinensis,
1688 1141 1927 1177 Veronensis
1954 1142 1992 1176 et
2012 1140 2111 1175 Ver—

261 1206 441 1242 cellensis
469 1208 605 1250 aperte
631 1206 669 1240 in
698 1206 800 1251 regis
827 1204 995 1240 Heinrici
1023 1204 1214 1239 fidelitate
1241 1204 1464 1239 manebant.
1508 1202 1837 1247 Archiepiscopus
1865 1203 1994 1236 autem
2020 1200 2111 1235 Me-

260 1266 513 1306 diolanensis,
541 1267 580 1300 et
608 1265 783 1309 episcopi
811 1263 1097 1303 Cremonensis,
1123 1263 1386 1303 Placentinus,
1411 1262 1627 1307 papiensis,
1653 1260 1883 1301 Brixiensis,
1909 1258 2111 1295 Cumensis

261 1326 368 1370 quod
393 1326 580 1360 volebant
606 1323 713 1368 (non)
741 1323 1056 1359 manifestabant.
1095 1321 1240 1358 Omnes
1266 1324 1399 1357 tamen
1436 1321 1475 1356 in
1502 1330 1707 1357 commune
1734 1329 1866 1365 regem
1892 1318 2110 1354 Heinricum

263 1385 557 1424 desiderabant.
585 1384 766 1428 precibus
794 1392 863 1427 per
889 1383 1043 1428 legatos
1070 1384 1109 1417 et
1136 1382 1283 1417 litteras
1310 1381 1562 1416 invitabant.“

405 1450 509 1490 Ibid„
539 1458 571 1484 c,
593 1449 636 1484 16
664 1447 702 1492 (l.
723 1458 756 1483 c.
777 1457 813 1493 p.
833 1447 934 1491 688):
964 1447 1159 1489 „Tandem
1185 1456 1208 1481 a
1235 1456 1327 1493 rege
1354 1444 1448 1481 Otto
1475 1446 1551 1481 dux
1574 1445 1891 1486 Carentanorum,
1914 1444 1978 1489 qui
1997 1445 2112 1480 etiam

262 1509 525 1545 Veronensem
552 1509 779 1544 comitatum
799 1508 970 1548 tenebat,
996 1507 1048 1542 ad
1074 1506 1304 1552 petitionem
1324 1505 1672 1551 Langobardorum
1693 1504 1926 1550 explendam
1946 1505 2112 1550 eligitur,

263 1571 302 1604 et
329 1578 416 1604 cum
444 1568 590 1612 paucis,
619 1569 779 1612 propter
805 1567 988 1602 fiduciam
1015 1566 1193 1610 superius
1220 1565 1527 1607 nominatorum,
1567 1565 1606 1599 in
1640 1564 1787 1599 Italiam
1822 1564 2008 1609 dirigitur.
2046 1563 2113 1600 Cui

263 1629 381 1664 etiarn
410 1627 527 1668 Otto,
555 1627 658 1662 filius
685 1627 898 1667 Heriberti,
938 1636 1024 1662 cum
1051 1625 1235 1666 Ernesto,
1270 1625 1352 1660 filio
1378 1624 1574 1660 Liutboldi
1600 1623 1852 1664 marchionis,
1879 1623 2113 1669 adiungitur.

263 1688 330 1724 His
358 1689 457 1723 inter
485 1690 682 1727 montana,
710 1696 811 1731 quae
837 1686 1043 1721 Bavariam
1070 1688 1109 1721 et
1135 1684 1371 1720 Carinthiam
1398 1684 1448 1718 ab
1470 1683 1578 1718 Italia
1598 1683 1817 1727 seiungunt,
1835 1691 1953 1727 super
1970 1692 2112 1728 aquam

265 1758 366 1793 quae
407 1748 576 1783 Brentha
616 1748 800 1786 vocatur,
841 1745 1182 1785 convenientibus,
1223 1742 1428 1779 Carentani
1468 1745 1507 1778 et
1543 1742 1815 1777 Foriiulienses
1853 1751 1941 1777 cum
1979 1742 2114 1787 paucis

264 1809 485 1847 occurrunt,
515 1806 634 1841 veluti
662 1805 710 1840 de
736 1804 939 1850 promissis
968 1803 1186 1839 Italicorum
1213 1803 1397 1837 fiduciam
1425 1802 1615 1837 habentes
1642 1804 1680 1837 et
1706 1802 1754 1836 de
1780 1811 1909 1847 pugna
1932 1802 1982 1838 nil
2003 1803 2115 1848 cogi·-

263 1869 407 1902 tantes.
447 1866 595 1901 Interea
625 1865 945 1909 archiepiscopus
973 1864 1178 1898 Ravennas
1206 1864 1244 1898 et
1269 1862 1470 1897 Tietoldus
1510 1862 1682 1896 marchio
1709 1871 1796 1896 cum
1821 1862 1962 1898 ceteris
1990 1863 2114 1898 mani-

263 1927 376 1969 festis
404 1926 585 1961 fidelibus
613 1924 780 1959 Heinrici
807 1923 910 1968 regis
937 1933 1031 1958 suos
1059 1923 1417 1968 congregaverant,
1452 1921 1630 1956 volentes
1658 1930 1863 1956 occurrere
1889 1921 2114 1957 Teotonicis

264 1989 303 2021 et
330 1995 399 2021 eos
426 1986 464 2020 in
492 1985 640 2019 Italiam
668 1992 754 2018 cum
781 1983 993 2018 securitate
1021 1982 1206 2026 recipere.
1250 1981 1355 2016 Haec
1390 1980 1608 2015 Harduinus
1645 1980 1889 2024 praesciens,
1917 1980 2114 2016 Veronam

264 2055 352 2080 cum
381 2045 548 2080 maxima
577 2043 821 2078 multitudine
846 2043 979 2077 venire
1006 2042 1223 2082 festInavit,
1259 2043 1300 2077 ut
1327 2043 1365 2076 et
1391 2041 1442 2075 ibi
1469 2040 1610 2076 Italicis
1643 2041 1681 2076 in
1707 2039 1941 2075 adiutorium
1967 2040 2115 2076 Teoto—

265 2106 440 2140 nicorum
468 2103 746 2139 festinantibus
781 2103 883 2136 viam
920 2102 1186 2146 interciperet,
1226 2103 1264 2136 et
1298 2101 1446 2140 clusas,
1481 2109 1582 2144 quae
1609 2099 1659 2134 ab
1685 2100 1875 2144 episcopo
1903 2098 2114 2135 Veronensi

264 2164 536 2203 servabantur,
565 2163 826 2206 expugnaret:
855 2161 961 2205 quod
987 2163 1025 2196 et
1051 2161 1175 2196 fecit.“

408 2229 512 2269 Ibid.,
540 2238 572 2264 c.
595 2228 637 2263 17
658 2228 694 2272 (l.
716 2227 779 2271 c.):
810 2226 955 2269 „Clusis
982 2227 1099 2271 igitur
1125 2226 1380 2271 expugnatis,
1408 2225 1572 2261 audiens
1607 2225 1845 2260 Teotonicos
1879 2225 1917 2260 in
1952 2224 2116 2260 Triden-

264 2292 417 2324 tensem
447 2289 643 2332 planitiem
673 2288 918 2327 convenisse,
946 2287 1010 2321 illo
1038 2296 1124 2321 cum
1151 2286 1331 2322 omnibus
1358 2286 1439 2321 suis
1466 2286 1679 2321 festinavit.
1706 2284 1784 2321 Sed
1811 2285 1862 2319 ibi
1888 2283 2114 2319 Teotonicis

267 2359 345 2384 non
372 2349 552 2389 inventis,
580 2358 623 2383 se
651 2348 689 2382 in
717 2347 962 2391 campaniam
990 2345 1251 2381 Veronensem
1278 2345 1450 2388 reduxit,
1489 2345 1619 2389 ibique
1652 2345 1690 2380 in
1717 2344 1887 2386 quodam
1914 2343 2116 2379 castellulo

266 2408 514 2443 nativitatem
540 2407 693 2442 Domini
721 2406 945 2441 celebravit.
973 2405 1052 2441 Sed
1077 2405 1127 2440 ab
1155 2405 1374 2440 huiusmodi
1410 2405 1565 2440 homine
1602 2404 1814 2439 celebratio
1841 2404 1984 2439 rectius
2011 2402 2117 2438 cele-

267 2468 455 2503 brationis
483 2467 631 2501 dicetur
657 2467 810 2501 abusio.
844 2466 998 2501 Interim
1024 2465 1230 2500 Teotonici
1256 2465 1362 2500 iuxta
1390 2466 1560 2500 montem
1588 2464 1792 2509 quendam,
1821 2464 1884 2508 qui
1911 2462 2117 2507 Ungarius,

268 2528 402 2562 nescio
429 2536 505 2570 qua
534 2527 580 2561 de
609 2535 740 2566 causa,
767 2527 942 2565 vocatur,
970 2524 1282 2569 praevenientes,
1310 2525 1348 2559 et
1375 2523 1612 2558 Harduinum
1639 2524 1714 2558 iam
1741 2523 1870 2558 clusas
1898 2530 2117 2566 occupasse

267 2586 450 2626 scientes,
476 2585 549 2630 ipsi
576 2585 774 2620 Harduino
800 2585 953 2630 legatos
980 2594 1074 2619 suos
1100 2583 1377 2624 transmittunt,
1405 2585 1443 2618 et
1470 2585 1511 2618 ut
1537 2585 1604 2618 aut
1630 2583 1685 2618 eis
1707 2583 1822 2618 cedat
1843 2582 1969 2618 donec
1987 2583 2118 2616 trans-

267 2647 375 2684 eant,
414 2646 481 2679 aut
519 2645 593 2679 sibi
632 2644 862 2679 cedentibus
902 2644 1051 2683 veniat,
1077 2645 1228 2688 rogant.
1271 2642 1509 2683 Harduinus,
1545 2642 1678 2677 audita
1706 2641 1923 2687 legatione,
1958 2650 2047 2676 sese
2079 2640 2117 2676 in

268 2704 443 2739 fraudem
471 2704 713 2747 deceptionis
741 2705 987 2743 convertens,
1014 2703 1088 2738 ait:
1119 2702 1350 2744 „Nobiscum
1378 2704 1495 2737 nocte
1514 2701 1723 2742 maneatis;
1746 2702 1915 2737 crastina
1937 2701 2008 2740 die,
2030 2709 2118 2735 cum

269 2764 412 2798 nostris
440 2763 620 2798 fidelibus
648 2763 744 2798 inito
771 2763 947 2803 consilio,
974 2763 1088 2798 vobis
1109 2762 1349 2807 respondere
1369 2761 1616 2806 poterimus.“
1646 2761 1802 2807 Legatis
1821 2760 1937 2805 igitur
1957 2759 2117 2799 insidias

269 2832 346 2857 non
373 2822 695 2867 intelligentibus,
731 2823 814 2866 ipse
842 2831 910 2866 per
935 2823 1058 2856 totam
1085 2823 1241 2856 noctem
1268 2822 1396 2856 castra
1436 2830 1595 2856 suorum
1634 2820 1786 2861 circuit,
1814 2821 1855 2854 ut
1879 2819 1918 2855 in
1945 2818 2118 2854 crastino

268 2882 393 2926 parati
420 2882 497 2916 sint
524 2882 575 2916 ad
601 2881 933 2926 congrediendum
959 2880 1197 2921 Teotonicis,
1225 2882 1369 2915 monet.
1395 2879 1465 2915 Die
1490 2879 1657 2919 lucente,
1683 2879 1802 2924 legati
1838 2878 2041 2914 venientes
2067 2877 2119 2912 ad

269 2941 539 2985 accipiendum
577 2950 828 2985 responsum,
868 2940 1151 2985 Langobardos
1190 2949 1326 2975 omnes
1365 2939 1551 2974 loricatos
1591 2939 1630 2973 et
1668 2938 1718 2972 ad
1744 2938 1930 2983 praelium
1957 2938 2117 2983 paratos

268 3000 419 3041 vident;
448 3000 539 3044 quid
565 3000 639 3035 hoc
666 2999 874 3044 significet,
900 2999 1137 3034 Harduinum
1164 2999 1418 3044 interrogant.
1460 2998 1524 3033 Ille
1551 2997 1754 3033 consilium
1781 2997 1993 3041 iniquitatis
2021 3005 2118 3031 evo—

270 3069 390 3100 mens,
429 3060 499 3094 ait:
543 3059 757 3100 „Fortassis
798 3059 910 3094 unius
948 3058 1136 3103 temporis
1176 3058 1246 3093 erit
1286 3058 1521 3093 renuntiatio
1546 3058 1711 3092 vestra.“
1756 3056 1848 3091 Inde
1880 3065 2117 3101 promovens

270 3118 495 3158 exercitum,
523 3118 649 3152 media
678 3118 739 3153 die
766 3118 817 3153 ad
843 3118 1077 3163 Ungaricum
1105 3120 1278 3152 montem
1305 3117 1494 3162 pervenit.
1520 3116 1724 3152 Exercitus
1750 3118 1881 3151 autem
1902 3115 1964 3150 ille
1983 3115 2119 3150 existi—

271 3178 450 3212 mabatur
478 3177 569 3213 1015
595 3187 686 3212 esse
710 3177 892 3212 virorum.
918 3177 974 3212 De
999 3177 1224 3212 Teotonicis
1251 3186 1345 3212 vero
1371 3176 1436 3211 vix
1463 3178 1574 3211 erant
1601 3175 1815 3221 quin-genti,
1848 3177 1886 3210 et
1913 3175 1950 3210 hi
1978 3174 2118 3220 partim

270 3245 339 3280 per
366 3236 517 3271 fodrum
546 3237 669 3279 divisi,
697 3237 835 3280 partim
862 3237 913 3271 ad
937 3237 1022 3271 vias
1050 3236 1330 3271 custodiendas
1351 3235 1581 3271 transmissi.
1609 3234 1680 3280 Qui
1702 3234 1887 3270 Harduini
1906 3233 2117 3269 adventum

271 3296 543 3340 percipientes,
571 3298 731 3340 repente
760 3296 968 3336 armantur,
996 3297 1035 3330 et
1062 3298 1176 3340 prout
1202 3296 1380 3340 possunt,
1401 3295 1452 3330 ad
1471 3295 1727 3330 resistendum
1746 3296 1943 3338 parantur,
1964 3292 2118 3328 virtutis

271 3355 461 3400 eligentes
489 3355 632 3390 famam
661 3357 701 3390 et
728 3357 1014 3400 postponentes
1040 3355 1173 3391 vitam.
1217 3354 1367 3390 Interea
1394 3354 1613 3390 Harduinus
1641 3363 1727 3389 cum
1754 3352 2023 3398 Langobardis
2050 3361 2118 3387 su—
