2332 3704
1005 220 1062 262 St.
1079 227 1161 266 395,
1188 225 1270 262 396.
2007 223 2078 258 235

227 372 268 415 V
308 371 456 415 Marki
507 374 718 415 onostran
772 367 1067 425 (Dravskeqa)
1126 369 1306 425 gozda¹
1339 380 1411 410 mu
1457 367 1606 422 podeli
1652 368 1739 410 dva
1785 367 2076 422 vinograda2‚

227 447 437 486 onostran
477 443 624 485 Drave
667 454 750 485 vas
793 441 971 484 Ruse³
1013 443 1055 483 in
1100 453 1158 495 pa
1199 440 1414 494 sosednjo
1457 442 1678 494 pusfiavo,
1730 437 2078 492 Radomlje4

226 516 508 566 imenovano,
541 515 634 568 kjer
673 514 714 567 je
758 514 851 556 tudi
892 513 1085 567 postavil
1126 513 1335 555 nekoliko
1381 511 1602 562 menihov‚
1649 512 1691 553 ki
1734 511 1802 563 naj
1850 511 1891 551 bi
1935 509 2077 552 sluZili

227 585 367 641 Boqu.
398 585 455 638 [‚,.
479 619 516 628 ..
549 586 592 628 in
624 587 770 628 monte
802 596 974 639 quoque
1004 583 1226 627 meridiem
1260 595 1411 626 versus
1443 582 1644 637 obposita
1687 581 1807 624 dedit
1850 580 2076 623 ecclesiam

225 657 371 700 sancti
398 656 622 700 Lamberti
651 668 746 699 cum
780 656 904 711 agris
934 656 1028 698 suis
1059 658 1192 710 atque
1234 653 1464 697 novalibus
1496 654 1550 696 de
1581 652 1840 696 Losdzental
1880 651 2078 704 adusque

224 726 478 773 Rotenstein
504 726 835 782 pertinentibus,
868 729 990 770 trans
1014 725 1183 781 flumen
1222 737 1322 768 vero
1344 724 1636 767 stabulariam
1670 724 1822 767 curtim
1855 721 2076 765 Entriclzs-

225 797 332 854 dors
357 801 400 842 et
428 798 641 845 Reculadz
675 801 717 841 et
749 797 1007 853 Gezendorf
1042 800 1083 840 et
1122 796 1285 843 Runitz
1326 799 1370 839 et
1410 795 1657 847 Molewad1‚
1703 797 1745 837 et
1786 793 2076 837 stabulariam

225 869 376 912 curtim
409 869 739 920 Laaentmundi‚
770 868 885 912 ultra
916 870 1104 911 montem
1132 867 1334 923 predium
1369 866 1477 911 Cela
1521 869 1564 910 et
1604 865 1818 921 Gorinsig
1848 864 2075 928 ecclesiam

226 942 267 982 et
298 941 450 984 curtim
481 941 770 984 stabulariam
815 952 910 983 cum
949 940 1086 983 vineis
1130 942 1263 994 atque
1306 939 1550 994 mancipiis,
1593 937 1884 981 stabulariam
1924 936 2075 979 curtim

226 1010 411 1056 Griuina
444 1014 487 1054 et
515 1013 616 1055 item
651 1010 835 1056 Griuina
867 1023 962 1054 cum
993 1011 1225 1066 mancipiis
1255 1011 1348 1053 suis
1380 1022 1434 1053 ac
1466 1010 1660 1053 terminis
1680 1007 1742 1052 ad
1759 1007 1912 1063 Alpem
1939 1017 2077 1061 usque

218 1083 547 1138 pertinentibus,
580 1074 796 1127 Skiltaren
830 1094 1002 1137 quoque
1047 1085 1090 1125 et
1131 1082 1311 1125 vaters
1349 1081 1517 1132 novale,
1561 1079 1768 1125 Strieladz
1815 1079 1945 1122 etiam
1979 1089 2074 1120 cum

224 1155 360 1197 vineis
402 1157 444 1197 et
479 1154 600 1197 omni
633 1153 933 1204 decimatione,
972 1153 1014 1195 in
1053 1155 1199 1196 monte
1242 1153 1446 1196 Ferrari0
1491 1151 1603 1194 duos
1645 1162 1839 1201 mansus,
1878 1150 1920 1192 in
1959 1148 2075 1191 Foro

222 1224 321 1267 Iulii
349 1224 496 1267 villam
528 1224 702 1279 Lipinilc
731 1224 892 1267 dictam
926 1226 968 1267 et
998 1235 1198 1267 mansum
1232 1235 1363 1266 unum
1402 1223 1484 1266 sub
1524 1224 1669 1265 castro
1702 1221 1842 1273 Retin,
1875 1222 1917 1264 in
1948 1222 2074 1264 Mar-

223 1295 315 1338 d1ia
348 1299 471 1339 trans
500 1295 656 1339 silvam
690 1297 842 1339 vineas
873 1295 997 1347 duas,
1039 1295 1154 1338 ultra
1193 1295 1381 1338 Trauum
1415 1294 1546 1337 vilam
1591 1294 1728 1341 Roste
1773 1297 1813 1336 et
1857 1293 2075 1336 heremum

221 1367 319 1409 huic
364 1367 616 1422 contiguam
662 1366 924 1413 Radimlahc
965 1366 1139 1418 dictam,
1184 1366 1261 1409 ubi
1300 1367 1430 1409 etiam
1470 1367 1639 1421 fratres
1685 1365 1856 1420 aliquot
1900 1363 2074 1408 Christo

221 1437 484 1481 militaturos
514 1450 563 1481 se
594 1439 761 1481 vivente
792 1435 1074 1493 substituit.“]
2132 1492 2137 1494 g

364 1508 566 1552 Nastetih
607 1510 649 1564 ie
692 1513 778 1552 νρᾰ
818 1510 924 1564 ρῑίὂ,
968 1510 1070 1552 med
1115 1509 1233 1563 njimi
1274 1509 1367 1551 tudi
1416 1509 1674 1558 „Hainricus
1718 1509 1858 1562 ipsius
1902 1507 2075 1549 comitis

220 1579 351 1632 filius,
395 1579 610 1623 Ludewic
643 1580 871 1623 Ludewici
918 1582 1091 1624 comitis
1122 1581 1251 1632 filius,
1299 1580 1504 1623 Weriant
1548 1580 1604 1622 de
1649 1578 1811 1631 Grc225,
1857 1578 2074 1620 Dietricus

221 1651 276 1693 de
310 1650 492 1707 Kriwi9‚
527 1686 535 1694 .
560 1687 568 1694 .
591 1686 599 1694 .
633 1651 818 1694 Frazlau
842 1686 850 1695 .
873 1687 881 1695 .
904 1652 938 1695 .“

360 1723 499 1775 „Acta
541 1726 645 1766 sunt
680 1723 758 1766 hec
801 1724 948 1766 omnia
985 1723 1167 1779 pascali
1202 1723 1525 1778 sollempnitate
1566 1734 1706 1778 nuper
1760 1721 1914 1776 elapsa
1957 1721 2074 1764 circa

219 1794 388 1838 kalend.
417 1795 536 1846 Mai„
583 1794 798 1838 dominice
840 1795 1156 1838 incarnationis
1200 1807 1316 1838 anno
1354 1793 1531 1846 MXCJ„
1574 1793 1860 1849 pontificatus
1911 1791 2077 1835 domini

228 1865 390 1908 Vrbani
419 1865 653 1920 apostolici
675 1877 797 1920 pape
829 1865 891 1917 ΙΙ.,
923 1868 1137 1921 regnante
1168 1865 1375 1908 Heinrico
1409 1866 1671 1920 imperatore
1702 1863 1817 1907 IIII.“

363 1933 472 1978 [Cod.
498 1934 597 1970 trad.
623 1933 662 1970 S.
688 1935 809 1976 Pauli,
836 1945 868 1970 c.
893 1936 917 1970 ὅ
943 1935 979 1970 iz
1005 1935 1170 1971 zaeetka
1205 1935 1260 1971 13.
1286 1935 1443 1980 stoletja
1471 1945 1496 1970 ν
1522 1926 1578 1970 St.
1604 1934 1741 1970 Davlu.
1775 1953 1817 1957 —
1854 1930 2071 1978 (Hormayr)

219 1992 360 2028 Archiv
388 1993 414 2028 f.
442 1992 702 2039 Geoqraphie‚
730 1993 777 2029 XI
803 1993 935 2038 (1820),
962 1994 1044 2030 288.
1076 2012 1119 2019 -—
1146 1993 1518 2035 Ankershofen,
1555 1994 1708 2029 Handb.
1745 1993 1814 2028 der
1840 1991 1975 2028 Gesch.
2001 1992 2071 2028 des

219 2052 263 2087 H.
289 2052 474 2093 Kfirnten.
501 2051 571 2094 Ilb,
599 2054 678 2094 104,
706 2056 753 2089 St.
779 2054 837 2090 56.
865 2074 906 2079 —
935 2053 1131 2090 Schroll
1157 2063 1183 2089 v
1208 2053 1351 2089 Fontes
1378 2063 1452 2090 rer.
1476 2053 1617 2094 Hustr„
1654 2053 1753 2097 Dipl.
1781 2052 1941 2093 XXXIX.
1966 2053 2001 2088 5.
2034 2070 2067 2075 -

218 2111 309 2148 ΜΟ.
336 2111 418 2153 SS..
444 2112 523 2154 XV,
551 2113 654 2149 1058.
681 2132 727 2137 —-
751 2113 953 2159 Jaksch,
979 2113 1092 2149 Mon.
1118 2113 1206 2149 hist.
1233 2113 1320 2149 duc.
1347 2112 1443 2154 Car..
1472 2113 1528 2154 ΙΙΙ,
1558 2113 1638 2154 195,
1665 2115 1713 2148 st.
1741 2111 1838 2156 496]

1009 2254 1101 2322 St.
1128 2268 1285 2323 596.

358 2361 502 2414 1091,
537 2363 642 2407 dne
676 2363 726 2408 5.
753 2363 905 2419 maia.
939 2365 1179 2408 Bassano.6

359 2433 497 2477 Cesar
541 2434 708 2478 Henrik
740 2435 810 2478 IV.
841 2448 1011 2490 povrne
1056 2449 1085 2479 ν
1129 2438 1423 2479 ηθνῑοόηοςῒὶ
1470 2437 1829 2491 oqlejskeqfl
1876 2438 2068 2490 patri-

217 2505 359 2547 arha
402 2505 689 2549 Udalrika
727 2508 769 2549 in
803 2507 960 2563 druqih
1006 2508 1184 2550 knezov
1226 2504 1580 2562 [„praesentibus
1622 2508 1750 2562 regni
1783 2506 2069 2562 principibus,

218 2574 454 2620 Ovdalrico
495 2577 754 2632 patriarcba
799 2577 1127 2632 Aquileiensi..
1151 2576 1208 2632 .“l
1252 2579 1624 2621 eichstiidtskemu
1673 2578 1806 2621 skofu
1856 2578 2068 2621 Udalriku

216 2647 427 2689 nekatera
460 2652 675 2702 posestva
707 2662 737 2692 v
769 2649 1028 2704 Nordqauu.

357 2718 506 2770 „Data
537 2720 606 2763 III.
627 2732 725 2764 non.
744 2721 860 2763 Maii
888 2733 1004 2764 anno
1038 2721 1284 2764 dominicae
1316 2722 1632 2764 incarnationis
1676 2721 1778 2764 mill.
1810 2721 2067 2772 LXXXXL,

217 2789 450 2833 indictione
481 2790 626 2843 Xllll„
653 2803 769 2835 anno
802 2795 946 2835 autem
979 2792 1269 2836 ordinationis
1313 2792 1463 2836 domni
1498 2793 1697 2836 Heinrici
1736 2793 1859 2835 tercii
1898 2791 2066 2838 Roma-

215 2873 367 2904 norum
390 2862 668 2916 imperatoris
686 2864 869 2918 augusti
885 2863 1070 2907 XXXV.
1093 2865 1230 2919 regni,
1254 2865 1425 2919 imperii
1439 2876 1539 2907 vero
1574 2864 1657 2907 Vll.
1682 2862 1835 2906 Acium
1853 2863 2067 2906 Bassan.“

358 2928 520 2974 [Izvirna
545 2932 674 2967 listina
702 2942 728 2967 v
751 2931 1036 2968 Monakovem.
1065 2953 1103 2959 —
1132 2933 1244 2969 Mon.
1271 2933 1404 2973 Boica,
1430 2933 1586 2969 XXIXfl.
1613 2933 1695 2973 214,
1722 2935 1768 2968 st.
1794 2931 1889 2977 [4334

356 3002 366 3019 ¹
386 3000 526 3029 Dravski
547 3001 634 3037 gozd
653 3008 728 3030 nam
747 3001 778 3037 ie
797 3001 893 3030 iskati
914 3001 1068 3031 zahodno
1088 3002 1132 3030 od
1154 3002 1325 3031 Maribora
1345 3002 1475 3031 nekako
1497 3002 1545 3037 pri
1566 3002 1761 3031 Brezovem.

357 3049 368 3066 ²
387 3046 561 3076 Neubauer
579 3048 826 3083 (Jahreshericht
846 3049 903 3078 der
923 3049 952 3077 k.
974 3049 1003 3078 k.
1023 3048 1424 3079 Staats-Oherrealschule
1445 3050 1475 3078 in
1496 3049 1665 3085 Mat-burg,
1688 3052 1763 3082 1882,
1784 3050 1842 3078 stt.
1862 3049 1892 3083 7)
1911 3047 2004 3080 misli.
2025 3048 2066 3076 da

214 3096 265 3124 sta
284 3095 350 3124 bna
368 3095 401 3123 ta
421 3095 486 3124 dva
505 3095 687 3131 vinograda
708 3096 758 3132 pri
778 3096 964 3126 Vesternici
985 3097 1143 3126 zahodno
1164 3097 1207 3126 od
1228 3097 1411 3126 Max-ibera.

353 3143 366 3161 θ
385 3142 472 3171 RuSe
493 3150 532 3171 so
552 3150 612 3171 vas
633 3150 675 3172 na
694 3142 781 3177 iuzni
802 3144 904 3173 strant
926 3144 1033 3173 Drave
1053 3145 1289 3180 juqozahodno
1310 3145 1353 3173 od
1374 3145 1554 3173 Mariborfl.

354 3191 366 3209 ⁴
386 3190 554 3226 Radomlie
574 3198 614 3219 so
634 3191 760 3226 sedani!
781 3191 838 3221 Sv.
860 3191 1009 3221 Lovrenc
1029 3200 1048 3220 v
1070 3192 1212 3222 Ριιὲἑενί
1238 3192 1474 3228 iuqozahodno
1500 3193 1544 3221 od
1571 3192 1754 3220 Maribora.
1780 3192 1828 3221 Ρο
1849 3192 1972 3226 potoku
1999 3192 2065 3220 Ra-

212 3237 311 3266 domli
332 3238 374 3266 an
394 3237 541 3270 Radolni.
567 3236 598 3266 ki
624 3238 697 3267 tece
723 3237 818 3267 skozl
844 3239 1004 3271 Ριιςρενο.
1032 3247 1068 3268 se
1095 3240 1126 3275 je
1153 3239 1270 3275 nekdaj
1301 3239 1388 3275 tukaj
1418 3240 1509 3268 reklo
1530 3247 1550 3268 v
1571 3240 1776 3276 Radomljah.
1807 3239 1888 3275 (Cfr.
1919 3239 2064 3268 Skuhala

213 3279 348 3321 Zupnija
369 3285 400 3314 in
419 3285 516 3320 hozia
538 3285 595 3321 pot
615 3285 737 3314 Device
757 3285 877 3322 Marlje
897 3294 918 3314 v
939 3286 1090 3316 puseavi.
1114 3287 1273 3320 Maribor,
1295 3288 1387 3322 1881.)

354 3334 366 3350 ⁵
386 3332 517 3368 Sedunii
539 3332 687 3368 Slovenii
708 3331 835 3362 Gradec
855 3341 895 3363 na
917 3329 1129 3370 Stajerskem.

353 3381 365 3398 ⁸
384 3380 536 3409 Bassano
554 3380 586 3416 je
604 3380 702 3416 iuzno
723 3381 766 3410 od
786 3380 921 3410 Brescie
941 3389 962 3410 v
984 3382 1087 3418 Italiji.
