2332 3704
1070 225 1126 268 St.
1145 233 1203 268 43.
2011 231 2060 267 29

207 378 346 417 torum.
373 385 475 421 quae
501 385 571 422 per
595 375 757 411 Paulum
784 375 1039 421 patriardiam
1060 376 1170 417 metu,
1186 374 1535 420 Longobardorum
1556 374 1606 409 ad
1626 374 1868 418 praedictam
1890 373 2061 409 Gradum

207 435 372 471 insulam
399 436 608 480 deportata
629 435 799 475 fuerunt,
825 436 865 470 et
892 443 979 469 cum
999 434 1084 470 aliis
1105 434 1274 478 reliquiis
1294 434 1346 469 ad
1365 433 1668 478 Hquilegensem
1688 433 1897 469 ecclesiam
1918 434 2061 478 depor-

207 497 291 530 tata
318 493 484 530 fuerunt.
509 494 711 539 Templum
738 494 786 529 de
814 503 919 529 novo
946 493 1166 528 construxit
1192 493 1266 528 iste
1293 492 1329 528 b.
1357 493 1534 537 pontifex
1561 494 1600 528 et
1628 493 1906 528 monasterium
1941 502 2065 528 sanc-

207 553 462 589 timonialium
489 554 599 589 extra
627 562 757 589 muros
784 552 1026 598 aquilegiae,
1053 553 1159 597 quod
1186 553 1481 597 opulentissime
1508 553 1671 588 dotavIt.
1709 553 1910 595 Templum
1943 561 2060 596 prae-

208 612 353 648 dictum
379 622 454 648 una
482 621 569 662 cum
596 612 749 648 duobus
775 611 974 647 Romanae
1001 612 1193 647 ecclesiae
1218 612 1479 647 cardinalibus
1507 614 1545 647 et
1571 611 1732 657 vi9inti¹
1756 611 1841 646 aliis
1862 611 2060 655 episcopis

207 671 435 707 solemniter
459 671 724 707 consecravit:
748 671 810 706 cui
836 671 1123 706 consecrationi
1147 669 1320 706 interfuit
1340 670 1535 706 Corradus
1555 671 1767 715 imperator
1795 671 2063 715 praedictus;2

208 734 247 767 et
273 730 469 777 lohannes
497 739 597 775 papa
627 731 705 766 duo
731 732 958 766 sanctorum
984 739 1164 775 corpora,
1190 729 1374 765 videlicet
1398 729 1526 764 Marci
1560 739 1688 775 papae
1723 732 1762 765 et
1798 729 1946 773 Quirini
1974 731 2059 774 epi-

207 790 319 835 scopi
346 791 527 836 martyris
553 790 790 825 transmisit:
816 789 976 824 tradens
995 789 1120 824 eidem
1146 788 1327 833 Popponi
1359 791 1597 833 potestatem
1630 798 1748 834 super
1786 789 1868 824 XVI
1904 789 2061 833 episco-

208 852 337 894 patus,
369 850 552 886 videlicet
586 849 870 894 'tergestinum
904 848 1230 888 Emonenensem.
1263 848 1482 889 Dolensem‚
1514 848 1776 889 Darentinum.
1808 848 2062 894 JustInopoli-

207 910 354 949 tanum.
374 908 717 949 concordiensem,
729 907 998 948 Cenetensem‚
1009 907 1229 947 Feltrinum.
1239 907 1510 948 BeIunensem,
1524 908 1766 949 patavinum,
1782 908 2063 948 veronensem,

209 967 467 1008 vicentinum,
492 968 730 1008 Trentinum.
755 967 1015 1003 mantuanum
1041 969 1160 1012 atque
1191 966 1416 1002 Cumanum.
1443 966 1568 1011 Quam
1589 969 1826 1012 potestatem
1854 976 1940 1002 cum
1967 976 2062 1002 cae-

208 1028 303 1063 teris
330 1027 526 1073 reqalibus
560 1027 687 1062 dictus
721 1026 916 1062 Corradus
943 1027 1142 1062 concessit
1167 1028 1288 1071 atque
1320 1027 1585 1062 confirmavit:
1613 1027 1810 1071 multaque
1837 1027 1941 1062 bona
1968 1026 2062 1061 fecit

209 1095 281 1132 pro
307 1087 392 1132 ipsa
431 1086 610 1126 ecclesia.
649 1095 750 1135 quae
788 1095 946 1121 narrare
981 1094 1050 1130 per
1083 1085 1236 1131 singula
1264 1086 1376 1120 nimis
1403 1085 1563 1131 longum
1598 1087 1714 1121 esset.
1742 1085 1780 1120 In
1808 1085 2061 1131 Hquilegensi

209 1145 377 1181 ecclesia
411 1145 621 1190 requiescit
646 1146 684 1180 in
711 1145 840 1180 medio
872 1145 1076 1185 ecclesiae,
1113 1145 1150 1180 in
1177 1146 1286 1191 cujus
1321 1145 1524 1189 sepulchro
1557 1145 1594 1179 hi
1629 1155 1765 1180 versus
1794 1145 1927 1189 scripti
1953 1146 2069 1180 sunt:

564 1222 704 1267 Poppo
729 1222 981 1258 sacerdotum
1007 1222 1071 1257 lux
1099 1225 1137 1257 et
1165 1222 1284 1258 decus
1311 1223 1578 1263 ecclesiarum,

566 1280 697 1317 Gloria
723 1282 886 1317 Romani
914 1291 1006 1326 spes
1033 1282 1145 1317 simul
1173 1282 1334 1327 imperii.

565 1340 807 1377 Constrictus
835 1342 972 1377 vinclis
999 1341 1193 1377 humanae
1219 1342 1469 1382 conditionis,

564 1400 667 1436 Ecce
692 1401 766 1436 sub
792 1401 866 1436 hac
893 1401 995 1436 mole
1020 1401 1063 1436 fit
1089 1401 1185 1436 cinis
1212 1410 1261 1436 ex
1287 1401 1456 1436 homine.

566 1459 720 1496 Instruit
746 1462 788 1496 ut
813 1461 968 1501 Paulus,
995 1460 1068 1496 tuit
1094 1460 1274 1496 omnibus
1301 1461 1432 1496 omnia
1458 1460 1599 1501 factus.

565 1519 678 1556 Ferre
704 1521 868 1556 studens
894 1520 1061 1556 DomIno
1089 1521 1205 1565 dupla
1231 1521 1380 1556 talenta
1407 1529 1493 1555 suo.

566 1579 636 1614 Hic
661 1580 772 1615 locus
799 1581 860 1615 est
886 1580 1010 1620 testis,
1037 1579 1177 1624 quibus
1205 1580 1288 1624 ipse
1315 1579 1555 1623 resplenduit
1581 1579 1707 1614 actiS:

565 1638 630 1674 Ille
656 1639 812 1684 quidem
840 1640 965 1679 donis.
993 1639 1165 1674 moribus
1192 1641 1311 1683 atque
1339 1639 1485 1683 probis.

566 1698 771 1734 Exornans
798 1699 912 1734 Istam
940 1698 1094 1734 ChriSto
1121 1698 1354 1734 fundaverat
1378 1699 1526 1740 aulam;

568 1757 710 1795 Ultima
737 1758 928 1803 principio
954 1767 1069 1802 quem
1097 1758 1204 1793 dedit
1230 1758 1326 1793 hora
1353 1767 1438 1798 suo,

516 1810 520 1813 ’
568 1817 608 1852 In
634 1818 756 1853 librae
782 1818 945 1853 Phoebo
973 1818 1157 1854 duodeno
1183 1820 1294 1863 parte
1321 1818 1464 1858 locato,

567 1876 680 1922 ane
706 1877 776 1912 Dei
801 1878 880 1912 vivi
906 1878 1001 1913 siste
1028 1886 1138 1922 roqo,
1165 1886 1283 1922 parce
1309 1877 1489 1922 jacenti.¹‘

355 1951 610 1991 chronicon
649 1953 1122 1991 Benedictoburanum
1156 1953 1259 1998 (MG.
1285 1953 1366 1994 SS„
1401 1954 1458 1994 IX.
1487 1953 1589 1997 225):
1630 1980 1661 1995 „.
1682 1981 1690 1989 .
1712 1981 1720 1989 .
1741 1954 1898 1998 quidam
1924 1981 1932 1989 .
1953 1981 1961 1988 .
1983 1981 1991 1989 .
2017 1963 2064 1989 ex

211 2012 440 2049 Noricorum
466 2014 667 2059 provincia
695 2014 853 2050 nomine
877 2014 1016 2059 Poppo
1043 2014 1163 2049 nobili
1191 2014 1379 2059 progenie
1405 2016 1519 2049 natus
1541 2041 1550 2048 .
1570 2039 1578 2048 .
1598 2012 1627 2048 .“

353 2071 485 2109 vitae
528 2073 642 2118 patr.
672 2072 822 2120 Equil.
853 2072 910 2109 ab
952 2073 1138 2110 auctore
1182 2082 1409 2119 anonymo
1458 2073 1682 2117 (Muratori,
1710 2073 1795 2109 Rer.
1818 2072 1899 2109 ltal.
1920 2074 2064 2117 script„

211 2132 368 2174 XVI.ll,
390 2131 469 2176 121:
492 2132 624 2178 „Dopo
644 2134 861 2177 patriarcha
880 2133 1115 2169 venerabilis
1136 2134 1238 2169 sedit
1257 2143 1384 2169 annos
1404 2132 1531 2168 XXIV.
1553 2133 1623 2168 Hic
1644 2132 1917 2168 cancellarius³
1935 2132 2064 2177 magni

212 2191 379 2228 Conradi
405 2193 663 2236 imperatoris,
684 2193 749 2237 qui
766 2194 892 2228 totum
919 2193 1055 2228 orbem
1076 2193 1311 2238 pacificavit,
1338 2193 1375 2228 in
1402 2193 1659 2236 patriarcham
1680 2195 1877 2227 assumtus
1896 2193 1969 2227 est.
1995 2191 2065 2226 Hic

213 2252 408 2297 gloriosus
434 2252 601 2287 antistes
627 2252 813 2297 templum
839 2251 1100 2298 Aquileiensis
1127 2252 1321 2287 ecclesiae
1356 2252 1404 2287 de
1438 2261 1544 2287 novo
1581 2253 1811 2291 construxit,
1844 2251 1950 2295 quod
1988 2261 2065 2286 una

213 2320 301 2346 cum
328 2311 364 2346 b.
390 2319 492 2355 papa
518 2310 694 2356 Iohanne
729 2311 855 2347 XVIII.
882 2314 920 2347 et
944 2312 1031 2347 aliis
1065 2314 1228 2347 sanctae
1262 2311 1462 2347 Romanae
1494 2311 1687 2346 ecclesiae
1726 2311 1988 2346 cardinalibus
2022 2312 2062 2345 et

212 2370 299 2406 aliis
326 2370 524 2414 episcopis
551 2370 812 2415 suffraganeis
839 2371 920 2406 suis
947 2371 1206 2406 consecravit.
1233 2370 1522 2406 MonasterIum
1549 2371 1690 2405 beatae
1717 2370 1872 2405 Mariae
1903 2370 2065 2415 virginis

214 2432 325 2465 extra
351 2439 482 2465 muros
508 2429 712 2475 Hquilejae
753 2428 986 2466 construxit.
1024 2430 1071 2466 Et
1106 2433 1187 2466 tam
1225 2431 1422 2475 templum,
1462 2440 1578 2475 quam
1616 2431 1743 2474 ipsum
1783 2429 2062 2465 monasterium

215 2489 442 2525 mirabiliter
459 2489 611 2525 dotavit
631 2490 1004 2534 innumerabiliaque
1031 2491 1135 2526 bona
1162 2491 1233 2534 lpsi
1261 2490 1454 2526 ecclesiae
1480 2489 1586 2530 fecit,
1605 2499 1705 2534 quae
1724 2489 1926 2524 brevitatis
1945 2498 2065 2524 causa

216 2549 368 2584 omitto.
394 2549 464 2585 Hic
489 2548 595 2593 apud
621 2549 864 2593 praedictum
897 2558 1040 2594 papam
1077 2549 1292 2596 Johannem
1331 2551 1370 2584 et
1409 2548 1630 2584 Conradum
1669 2549 1945 2593 imperatorem
1983 2548 2065 2582 fieri

215 2607 362 2644 Romae
387 2609 593 2645 concilium
612 2609 837 2653 procuravit
857 2611 896 2644 et
915 2608 1069 2644 demum
1087 2608 1317 2650 Ravennae;
1346 2609 1382 2644 in
1410 2618 1574 2653 quorum
1601 2609 1733 2652 itaque
1754 2607 2066 2652 proclamatione

215 2667 322 2703 facta
349 2667 399 2703 de
423 2667 555 2704 Grado
582 2668 696 2712 plebe
730 2677 814 2709 sua,
850 2670 889 2703 et
923 2669 1045 2704 citato
1084 2668 1248 2708 Ursone.
1287 2668 1352 2712 qui
1378 2668 1452 2703 sibi
1485 2668 1587 2703 falso
1612 2677 1756 2703 nomen
1780 2667 2062 2711 patriarchatus

214 2729 456 2763 assumserat
482 2729 522 2763 et
548 2728 832 2763 contumacIter
849 2728 887 2763 in
906 2727 1020 2763 dictis
1041 2728 1195 2763 duobus
1221 2727 1397 2763 conciliis
1416 2737 1495 2763 non
1514 2728 1781 2772 comparente.
1805 2727 1909 2762 dicta
1941 2726 2065 2762 insula

214 2786 439 2832 adjudicata
465 2789 536 2826 est,
571 2787 725 2831 plebem
760 2797 850 2823 esse
883 2786 1144 2832 Aquileiensis
1179 2787 1371 2822 ecclesiae
1397 2789 1436 2822 et
1462 2787 1563 2822 falso
1598 2786 1877 2830 patriardiatus
1913 2785 2065 2820 titulum

215 2845 291 2881 sibi
317 2846 458 2887 inesse,
491 2848 530 2881 et
563 2846 651 2891 ipso
684 2849 922 2891 procurante
956 2848 1107 2881 armata
1146 2855 1262 2882 manu
1298 2855 1435 2882 omnes
1470 2845 1644 2881 thesauri
1678 2845 1870 2881 ecclesiae
1904 2844 2067 2890 Aquile-

215 2905 348 2950 jensis.
375 2906 439 2950 qui
465 2907 610 2950 portati
637 2908 749 2941 erant
774 2915 844 2950 per
869 2906 1068 2942 dominum
1094 2905 1295 2942 Paulinum
1322 2906 1413 2941 olim
1449 2905 1715 2951 patriardiam
1750 2905 1939 2949 reportati
1975 2906 2067 2940 sunt

217 2973 286 3009 per
307 2964 451 3000 dictum
469 2964 667 3001 dominum
687 2965 901 3010 Poponem.
921 2965 966 3000 Et
984 2966 1072 3001 huic
1093 2966 1334 3010 patriarchae
1352 2966 1490 3000 beatus
1512 2974 1614 3010 papa
1633 2964 1828 3010 Iohannes
1849 2973 1967 3008 super
1984 2963 2067 2999 XVI

218 3023 471 3068 episcopatus
498 3026 739 3068 potestatem
764 3025 972 3060 contribuit
998 3034 1074 3060 una
1101 3034 1188 3060 cum
1216 3024 1396 3069 praefato
1419 3025 1656 3069 imperatore
1683 3026 1721 3059 et
1747 3024 1822 3058 alia
1844 3023 1963 3058 multa
1984 3023 2064 3067 pri-

217 3082 359 3128 vileqia
386 3084 426 3118 et
451 3083 678 3128 largitiones
705 3084 898 3119 ecclesiae
923 3083 1176 3130 Aquilejensi,
1203 3093 1304 3128 quae
1323 3084 1435 3119 nimis
1457 3083 1648 3127 prolixum
1668 3085 1775 3118 esset
1795 3091 1978 3118 enarrare
1998 3091 2068 3126 per

362 3188 372 3206 ¹
394 3188 427 3216 lz
452 3186 558 3217 listine
585 3188 651 3223 pod
670 3188 710 3217 st.
725 3191 760 3216 ὅθ
778 3188 808 3224 ie
828 3188 995 3221 razvidno.
1015 3188 1057 3217 da
1077 3195 1116 3218 so
1137 3195 1173 3217 se
1194 3188 1436 3223 posvecevania
1458 3187 1576 3216 cerkve
1597 3186 1746 3215 udelezlll
1766 3186 1830 3215 dva
1849 3184 2016 3215 kardinala
2037 3185 2068 3213 in

220 3234 415 3271 dvanajst
440 3234 572 3265 Skofov.

188 3318 194 3321 ¹
362 3283 488 3313 ²¹Cesar
514 3283 647 3312 Konrad
662 3284 700 3311 11.
727 3283 759 3312 ni
785 3283 829 3312 bil
855 3284 918 3313 dne
938 3287 981 3312 13.
996 3283 1084 3319 iuliia
1110 3283 1174 3312 leta
1197 3287 1275 3312 1031.
1296 3291 1317 3312 v
1338 3282 1464 3319 Oqleju‚
1492 3282 1562 3318 kjer
1588 3290 1625 3312 se
1644 3283 1675 3319 ie
1695 3282 1797 3312 vrsilo
1824 3281 2081 3319 posvecevanje-

220 3330 466 3360 novosezldane
486 3330 616 3365 cerkve,
638 3333 700 3366 pac
721 3338 763 3366 pa
783 3339 824 3360 na
845 3331 1019 3360 NemSkem
1039 3332 1070 3360 ln
1091 3331 1177 3360 stcer
1197 3334 1240 3359 20.
1255 3331 1342 3366 julija
1363 3339 1384 3359 v
1405 3330 1557 3360 Goslaru.

361 3378 373 3397 ³
392 3378 540 3414 Oqleiskl
560 3378 704 3414 patriarh
726 3378 841 3414 Popon
861 3379 892 3407 nl
911 3378 956 3407 bil
976 3379 1090 3407 nikdar
1110 3378 1264 3408 kancelar
1284 3378 1412 3414 cesaria
1433 3378 1587 3407 Kontada
1603 3379 1640 3406 11.
