2332 3704
1105 238 1162 282 St.
1180 247 1238 287 97.
1265 247 1322 283 98.
2099 247 2146 283 67

289 391 461 437 fugiente
499 400 587 426 reus
622 389 839 426 maiestatis
876 389 1045 425 effectus
1080 391 1155 430 est,
1191 390 1231 424 et
1267 389 1350 433 ipse
1378 389 1530 434 aufugit
1556 388 1726 424 timidus.
1760 389 1905 425 Postea
1932 399 2040 430 vero,
2075 399 2145 425 ve-

288 452 399 487 niens
426 450 679 486 discalciatus
706 452 745 485 et
770 449 898 486 laneis
924 450 976 484 ad
1001 458 1160 484 carnem
1187 450 1326 488 tectus.
1355 449 1520 494 qratiam
1547 449 1770 493 impetravit
1796 449 2077 491 imperatoris.“

434 509 646 556 Wiponis
671 508 774 545 Vita
801 506 1056 546 chuonradi
1080 507 1204 554 imp„
1231 518 1264 544 c.
1284 509 1331 544 35
1356 507 1461 552 (MG.
1482 506 1561 548 SS.‚
1587 508 1647 548 XI,
1673 507 1774 551 272):
1803 536 1834 550 „.
1856 536 1863 543 .
1886 536 1894 543 .
1915 507 2030 553 Quod
2055 509 2146 544 dum

290 570 605 615 ardiiepiscopus
640 568 710 613 (sc.
730 568 958 604 Heribertus
994 566 1323 611 Mediolanensis)
1349 569 1543 608 renueret,
1577 567 1702 603 sensit
1728 567 1952 611 imperator.
1990 577 2146 603 omnem

291 629 394 665 illam
421 628 732 664 coniurationem
759 626 893 663 Italiae
919 628 1040 672 ipsius
1067 626 1234 662 consilio
1254 626 1402 661 factam
1429 635 1530 662 esse.
1558 626 1605 662 Et
1636 635 1727 662 mox
1755 627 2043 670 comprehenso
2069 627 2147 667 illo,

291 689 449 724 retinuit
483 688 520 723 in
558 697 629 723 sua
664 689 878 732 potestate.
910 687 1059 722 Deinde
1095 686 1387 722 commendavit
1418 695 1506 721 eum
1533 686 1570 721 in
1597 686 1817 721 custodiam
1843 686 1994 730 Poponi
2022 687 2146 731 patri-

291 748 429 784 archae
462 747 742 793 Aquileqiensi.
777 749 817 782 et
850 746 1053 782 Chuononi
1081 746 1168 781 duci
1196 745 1517 781 Carentanorum.
1544 744 1618 789 Qui
1644 746 1695 780 ab
1722 746 1780 781 eis
1807 745 1945 782 ductus
1972 748 2032 781 est
2059 755 2144 781 cum

292 809 529 853 imperatore
555 816 679 852 usque
706 806 946 842 Placentiam
972 806 1173 841 civitatem
1194 833 1202 841 .
1223 833 1231 840 .
1253 833 1261 840 .

434 865 696 903 Herimanni
720 865 836 912 Aug.
850 863 1113 902 chronicon
1137 866 1188 901 ad
1207 875 1244 901 a.
1266 866 1356 901 1037
1376 864 1481 909 (MG.
1501 864 1582 905 SS.,
1609 864 1653 905 V.
1682 864 1780 908 1221:
1810 863 2057 909 „Imperator,
2077 873 2146 900 ce-

292 927 447 962 lebrato
473 926 654 962 Veronae
681 926 814 961 natale
838 925 1005 966 Domini.
1040 934 1110 970 per
1136 925 1308 961 Brixiam
1333 927 1373 959 et
1401 924 1633 960 Cremonam
1659 924 1928 960 Mediolanum
1955 925 2147 969 pervenit.

293 986 385 1022 Inde
419 986 581 1031 Papiam
615 985 763 1025 adiens,
796 984 1039 1020 Heribertum
1074 985 1416 1020 Mediolanensem
1442 984 1775 1028 archiepiscopum
1802 984 2044 1020 infidelitatis
2077 993 2148 1019 ac·-

294 1047 472 1082 cusatum
499 1044 737 1090 adprehendi
764 1045 891 1085 iussit,
917 1054 1084 1089 eumque
1109 1044 1262 1090 Poponi
1289 1044 1531 1089 patriarchae
1556 1044 1823 1090 Hquilegiensi
1845 1044 2145 1080 custodiendum

297 1104 589 1141 conmendavit.
624 1103 706 1148 Qui'
733 1104 827 1149 fuga
861 1097 1032 1149 elapsus,
1071 1105 1223 1140 cunctis
1249 1104 1397 1139 viribus
1424 1104 1550 1139 eidem
1578 1103 1801 1149 imperatori
1829 1105 2017 1140 rebellare
2044 1113 2142 1139 con-

293 1164 455 1200 tendit.⁸
1307 1161 1317 1184 ⁶

435 1222 553 1259 Rnn.
581 1221 875 1260 Hildesheim.
911 1223 963 1258 ad
996 1233 1032 1259 a.
1060 1223 1151 1258 1037
1184 1223 1331 1267 (Waitz
1356 1233 1382 1258 ν
1408 1222 1549 1267 Script.
1576 1233 1647 1258 rer.
1676 1222 1790 1259 Germ
1817 1224 1854 1258 in
1881 1233 1992 1258 usum
2019 1223 2148 1263 schol..

294 1283 369 1327 (ed.
398 1283 516 1326 1878),
553 1293 590 1329 p.
608 1282 685 1327 lm:
717 1283 956 1328 „Imperator
990 1285 1081 1327 post
1113 1283 1283 1318 natalem
1317 1282 1472 1318 Domini
1504 1283 1542 1318 in
1578 1282 1743 1318 Salerno
1777 1282 1897 1327 opido
1924 1283 2148 1328 generalem

294 1344 531 1378 conventum
557 1342 606 1377 de
633 1352 674 1377 re
700 1342 858 1386 puplica
886 1351 973 1377 cum
992 1341 1201 1387 Cisalpinis
1224 1343 1450 1386 nostrisque
1468 1341 1702 1386 primoribus
1723 1341 1876 1383 habuit;
1905 1343 1942 1378 in
1962 1351 2039 1387 quo
2058 1342 2148 1377 Me-

295 1401 534 1437 diolanensis
560 1402 875 1446 archiepiscopus
902 1402 1128 1447 imperatori
1154 1401 1376 1437 contrarius
1405 1401 1749 1446 comprehenditur
1768 1403 1806 1437 et
1826 1401 2006 1446 Bopponi
2024 1401 2149 1446 Aqui—

295 1461 444 1507 19991131
479 1461 720 1506 patriarchae
756 1461 975 1497 servandus
1010 1461 1283 1497 committitur·
1319 1471 1342 1496 a
1378 1470 1456 1506 quo
1488 1460 1582 1506 fuga
1614 1461 1760 1506 lapsus,
1796 1461 1925 1506 palam
1958 1461 2149 1496 rebellare

296 1521 411 1565 cepit.
438 1519 561 1565 Quem
588 1522 801 1565 imperator
826 1529 848 1555 e
874 1520 1045 1566 vestigio
1073 1530 1160 1556 cum
1187 1521 1362 1555 exercitu
1389 1520 1633 1565 insequutus,
1659 1521 1794 1556 urbem
1821 1530 1891 1565 per
1908 1523 2032 1589 totum
2051 1521 2148 1556 sub-

295 1583 526 1625 sequentem
552 1590 696 1615 annum
723 1589 811 1615 cum
838 1580 967 1615 tocius
994 1580 1168 1624 periculo
1195 1580 1392 1616 exercitus
1420 1579 1611 1615 obsedit.u

437 1639 555 1676 nnn.
581 1638 878 1686 magdeburg.
914 1640 965 1675 ad
1000 1649 1034 1675 a.
1062 1639 1153 1675 1037
1189 1639 1294 1684 (MG.
1324 1638 1404 1680 SS.
1440 1639 1534 1679 XVI,
1573 1639 1670 1683 171):
1709 1639 1849 1685 „Igitur
1882 1648 1996 1675 cesar
2027 1638 2147 1684 Hlpes

297 1700 615 1740 transscendens,
648 1709 735 1734 cum
768 1699 878 1745 199111
910 1699 1010 1735 illius
1046 1699 1258 1735 maioribus
1294 1701 1531 1735 conventum
1557 1699 1682 1734 tenuit
1707 1698 1776 1743 (sc.
1797 1698 1957 1743 Papiae)
1984 1699 2032 1734 de
2059 1708 2150 1734 cor-

298 1758 459 1804 riqenda
486 1768 528 1794 re
554 1759 722 1803 publica.
749 1758 921 1804 Contigit
948 1768 1105 1803 quoque
1134 1760 1174 1794 et
1198 1758 1541 1794 Mediolanensem
1567 1759 1808 1803 episcopum.
1836 1759 1900 1803 qui
1919 1759 2046 1794 eidem
2064 1759 2149 1794 col—

299 1818 431 1863 loquio
463 1818 650 1858 interfuit,
688 1818 738 1853 ab
773 1818 1010 1863 imperatore
1042 1818 1090 1853 de
1126 1818 1295 1862 quadam
1329 1817 1574 1853 infidelitatis
1601 1818 1743 1853 nebula
1770 1818 1908 1858 notari,
1935 1820 1975 1853 et
2001 1828 2023 1853 a
2051 1827 2150 1853 con-

299 1877 603 1921 provincialibus
630 1878 668 1912 in
695 1877 823 1913 multis
850 1877 1004 1913 acusari
1021 1903 1029 1911 .
1049 1905 1056 1912 .
1078 1906 1086 1912 .
1113 1877 1327 1922 Imperator
1352 1887 1448 1923 9190
1475 1880 1709 1917 commotus.
1735 1877 1968 1913 consiliante
1994 1879 2148 1918 senatu,

300 1937 442 1972 iniuste
475 1939 663 1981 usurpata
698 1937 848 1973 restitui
884 1938 1071 1982 precepit,
1107 1946 1274 1982 eumque
1300 1938 1588 1982 apprehensum
1614 1936 1882 1982 Aquileqiensi
1909 1936 2150 1981 patriarchae

298 1996 479 2051 Popponi
511 1996 746 2032 servandum
779 1997 988 2032 commisit.
1022 1996 1055 2031 A
1089 2006 1168 2042 quo
1202 1997 1360 2032 liberius
1395 1995 1529 2032 debito
1562 1996 1729 2036 habitus,
1766 1998 1858 2040 post
1883 1995 2033 2040 aliquot
2061 1996 2146 2031 dies

299 2055 391 2100 fuga
419 2056 553 2100 lapsus
574 2057 646 2096 est,
674 2056 846 2100 quodam
873 2056 1067 2091 monacho
1094 2065 1167 2091 suo
1194 2056 1450 2097 machinante,
1477 2056 1542 2100 qui
1568 2056 1676 2091 solus
1703 2065 1790 2091 cum
1817 2064 1866 2090 eo
1887 2055 2150 2091 miserationis

300 2123 421 2150 causa
448 2115 660 2159 permissus
687 2117 748 2150 est
772 2115 983 2151 habitare.“

440 2172 620 2210 Amulii
637 2172 776 2211 Gesta
795 2173 992 2221 archiep.
1010 2173 1148 2218 med„
1176 2175 1215 2215 11.
1243 2185 1276 2210 c.
1297 2175 1340 2209 12
1361 2174 1464 2219 (MG.
1487 2174 1567 2215 SS..
1588 2174 1681 2215 V111,
1704 2174 1778 2218 15):
1808 2173 1999 2216 „Veniens
2018 2176 2148 2209 autem

300 2233 495 2269 Veronam
529 2233 750 2278 imperator,
787 2232 955 2279 indeque
982 2234 1264 2275 Mediolanum,
1300 2234 1580 2270 honorabiliter
1606 2234 1668 2268 die
1694 2234 1819 2278 primo
1846 2233 2075 2278 suscipitur;
2110 2234 2148 2269 in

300 2293 511 2329 crastinum
543 2294 801 2329 tumultuante
835 2303 883 2329 ac
916 2293 1161 2329 vociferante
1196 2295 1235 2330 in
1261 2303 1348 2329 eum
1376 2294 1534 2339 populo,
1570 2294 1741 2339 graviter
1766 2293 1991 2329 offenditur.
2026 2292 2150 2328 Audi-

300 2354 411 2387 erant
445 2353 560 2393 enim,
592 2362 724 2398 regem
751 2352 947 2388 Laudensi
974 2354 1055 2388 iure
1090 2352 1346 2388 defraudasse
1378 2353 1635 2389 Heribertum.
1675 2352 1790 2397 Quod
1815 2355 2004 2398 augustus
2032 2353 2150 2388 dissi-

301 2411 463 2451 mulans,
483 2411 645 2456 Papiam
665 2411 774 2447 adiit.
796 2411 870 2449 Ubi
889 2421 978 2446 cum
998 2412 1181 2457 generale
1195 2413 1399 2447 statuisset
1415 2413 1663 2456 colloquium,
1683 2412 1922 2447 concinnato
1938 2412 2030 2447 dolo
2045 2412 2150 2456 cepit

300 2479 349 2505 ac
383 2471 507 2506 tenuit
540 2470 886 2516 archiepiscopum,
925 2471 1178 2516 Aquilegensi
1206 2472 1366 2507 tradens
1394 2472 1634 2516 patriarchae
1661 2471 1989 2507 custodiendum.
2011 2498 2019 2506 .
2042 2499 2049 2506 .
2075 2470 2149 2506 Hr-

303 2530 571 2574 chiepiscopus
597 2539 692 2566 vero
719 2533 810 2575 post
837 2540 992 2567 menses
1019 2531 1119 2566 duos
1146 2531 1279 2576 fugam
1306 2531 1500 2576 arripuit.“

1109 2670 1202 2739 St.
1232 2685 1337 2739 98.

444 2790 596 2842 1037,
630 2791 736 2835 dne
768 2791 841 2836 17.
869 2793 1117 2849 avqusta.
1151 2793 1292 2849 09191.

446 2873 611 2917 Rimski
632 2887 760 2917 cesar
782 2875 963 2918 Konrad
987 2874 1063 2930 (ΙΙ.)
1087 2877 1320 2931 naznanJa,
1345 2876 1402 2919 da
1425 2889 1496 2918 mu
1519 2878 1559 2931 je
1587 2877 1774 2932 oglejSki
1798 2878 1969 2930 patriah
1991 2878 2150 2931 Popon

302 2944 510 3001 [„P0pp0
537 2947 767 3001 patriarca
797 2950 982 2990 sanctae
1011 2945 1308 3001 Aquileiensis
1334 2945 1594 3002 ecclesiae“]
1611 2961 1638 2989 Z
1662 2949 1831 2990 ozirom
1852 2960 1908 2990 na
1936 2950 2150 2992 ubostvo1

304 3016 344 3059 N
359 3029 387 3059 o
402 3029 431 3059 ν
446 3029 473 3060 o
489 3018 611 3072 qraj
628 3031 650 3060 3
665 3019 693 3060 k
708 3031 732 3060 e
777 3031 839 3061 ce
854 3031 874 3061 r
892 3020 962 3061 kv
978 3031 1002 3061 e
1047 3020 1157 3062 vrnil
1192 3020 1310 3061 blizu
1332 3019 1706 3074 Novoqrajskeqa
1727 3023 1868 3061 mesta
1891 3020 2045 3063 leieco
2067 3033 2150 3063 vas

305 3087 482 3130 Omak
521 3085 720 3142 l„villam
760 3090 953 3145 Umaglzi
988 3091 1112 3133 iaxta
1145 3090 1327 3134 eandem
1359 3090 1666 3133 Emoniensem
1700 3091 1916 3134 civitatem
1948 3089 2144 3146 sitam·'‘],

304 3161 458 3202 katero
499 3160 539 3214 je
579 3160 638 3203 do
671 3161 795 3215 sedaj
829 3162 928 3203 imel
962 3173 1017 3203 na
1051 3162 1233 3217 podlaqi
1266 3162 1457 3217 11199ον9
1491 3159 1749 3215 (cesarjeve)
1783 3162 1924 3205 11311119
1958 3164 1999 3204 111
2033 3175 2147 3216 apo-

305 3230 533 3286 stolskeqa
578 3232 734 3284 pisma,
778 3244 800 3274 s
833 3233 1056 3287 ρο9ο19111,
1103 3233 1161 3274 da
1205 3233 1248 3274 bi
1294 3233 1472 3275 doticno
1506 3244 1588 3275 vas
1619 3245 1646 3274 z
1678 3234 1819 3275 vsemi
1859 3235 2148 3287 priteklinami

446 3345 605 3375 ¹Besede
633 3354 669 3375 „z
695 3347 820 3375 ozirom
847 3354 888 3375 na
914 3347 1074 3376 ubostvo¹·
1106 3347 1320 3384 [paupertati
1347 3347 1572 3383 compassus]
1602 3354 1641 3376 so
1668 3347 1751 3376 neka
1780 3347 1880 3380 fraza,
1907 3347 1937 3376 ki
1959 3355 1995 3377 se
2015 3347 2150 3376 veckrat

305 3391 424 3427 nahaia
444 3400 465 3421 v
485 3393 655 3422 cesarskIh
676 3394 806 3423 listinah
828 3396 877 3424 ter
898 3395 980 3424 sluzi
999 3402 1019 3423 ν
1038 3397 1072 3424 ta
1093 3403 1218 3429 namen,
1239 3396 1279 3424 da
1301 3404 1336 3425 se
1358 3395 1495 3424 zamolcn
1516 3396 1609 3431 pravi
1629 3395 1742 3424 vzrok.

1943 3456 2006 3491 10*
