2332 3704
277 207 345 243 192
1020 199 1076 241 St.
1094 206 1176 247 323,
1201 206 1283 246 324,
1309 206 1390 242 325.

276 348 532 394 oppenheim,
560 358 639 394 quo
666 351 705 384 et
732 349 953 393 patriarcha
980 358 1067 383 cum
1095 348 1286 393 episcopo
1313 347 1548 389 pataviensi,
1570 348 1768 393 pontificis
1794 349 1956 385 Romani
1982 350 2126 394 legato,

276 411 527 449 convenerat.
556 410 595 444 et
621 418 697 444 una
725 407 943 444 Suevorum
970 417 1049 442 non
1076 416 1198 452 parva
1223 407 1442 448 multitudo,
1478 408 1542 452 qui
1578 417 1716 443 omnes
1751 409 1961 444 exercitum
1996 407 2126 444 Saxo—

275 469 415 509 nicum,
443 468 533 503 dum
560 469 724 508 veniret,
753 467 1029 511 expectabant.
1069 466 1217 511 Quibus
1244 467 1649 512 appropinquantibus
1680 468 2127 512 patriarcha'ceterique

275 528 478 572 primates,
518 527 609 571 quia
651 527 698 562 de
737 527 885 562 recenti
925 527 1074 571 proelio
1114 529 1366 570 utrorumque
1406 526 1523 572 gladii
1562 527 1689 562 adhuc
1728 536 1867 563 cruore
1905 527 2126 566 madebant.

276 587 453 630 quamvis
481 596 551 631 per
576 587 798 632 legationes
827 588 980 622 mutuas
1008 586 1175 621 invicem
1201 586 1275 621 sibi
1303 586 1531 627 donassent,
1556 588 1689 622 tamen
1716 596 1776 627 ne,
1803 586 1910 630 quod
1934 586 2050 622 facile
2067 589 2128 622 est

274 646 446 687 armatis,
473 646 616 682 seditio
643 645 784 681 vilibus
811 655 832 680 a
861 646 1042 690 personis
1068 647 1207 681 exorta
1234 645 1382 680 factum
1409 646 1550 681 foedus
1578 648 1855 691 corrumperet.
1877 645 2034 681 obviam
2052 644 2127 681 Sa-

274 705 444 740 xonibus
471 705 592 745 ibant,
620 707 658 740 et
685 705 909 743 amicitiam.
937 714 1053 749 quam
1081 707 1369 740 renovaverant
1395 699 1593 746 absentes,
1629 714 1731 740 nunc
1765 706 1995 750 praesentes
2029 713 2127 739 con-

274 764 432 799 firmare
459 765 672 800 monebant
694 792 702 799 .
727 792 736 801 .
760 792 767 799 .
788 764 993 799 Nostrates
1019 773 1116 799 vero
1136 764 1277 809 singuli
1298 766 1548 800 sacramento
1570 764 1836 804 firmaverunt,
1854 765 1896 799 ut
1916 763 1989 799 nisi
2008 762 2128 798 Hein-

275 824 377 859 ricus
405 826 576 868 quartus,
604 824 771 859 Heinrici
803 824 1052 868 imperatoris
1088 823 1204 864 filius,
1230 824 1269 859 in
1295 823 1490 859 Februarii
1526 824 1671 859 mensis
1706 823 1816 859 initio
1842 833 1865 858 a
1893 823 2025 858 banno
2059 831 2129 867 per

275 884 536 928 apostolicum
562 884 768 919 absolutus
796 883 947 924 fuisset.
974 893 1185 928 numquam
1219 883 1385 927 amplius
1413 883 1490 918 ullo
1518 883 1675 929 ingenio
1701 893 1774 919 suo
1801 892 1868 918 rex
1895 891 2030 918 eorum
2056 890 2128 916 nec

275 944 537 989 appellaretur
565 953 636 979 nec
664 945 783 978 esset.
826 942 941 987 Quod
967 945 1259 993 sacramentum
1286 943 1411 988 primo
1444 942 1537 978 fecit
1573 942 1801 987 patriardia,
1834 944 1872 977 et
1906 942 1944 977 in
1977 941 2128 976 litteras

274 1004 477 1039 redactum
503 1003 541 1038 in
568 1012 681 1038 suum
709 1003 814 1038 misit
844 1003 1098 1047 marsupium
1127 1003 1232 1047 quod
1259 1004 1391 1037 tamen
1418 1002 1507 1046 quia
1539 1002 1674 1037 melius
1701 1002 1873 1037 servavit
1907 1002 1945 1036 in
1980 1000 2128 1045 scripto

276 1073 392 1107 quam
419 1063 456 1098 in
484 1071 615 1107 opere,
643 1063 743 1097 sicut
771 1062 888 1106 paulo
915 1064 1008 1097 ante
1035 1062 1180 1097 dictum
1207 1063 1279 1103 est,
1307 1062 1464 1097 crudele
1490 1061 1722 1106 supplicium
1749 1061 1888 1096 dedit.“

1074 1213 1166 1282 st.
1194 1230 1345 1282 524.

416 1346 565 1398 1076,
602 1346 707 1391 dne
742 1346 827 1392 25.
853 1347 1158 1392 decembra.
1193 1349 1441 1403 Besancon.

421 1431 535 1484 Kralj
570 1430 737 1473 Henrik
761 1431 831 1473 IV.
865 1444 914 1473 se
946 1432 987 1486 je
1011 1432 1138 1474 skozi
1162 1430 1460 1487 Burgundsko
1483 1430 1649 1485 napotil
1669 1443 1699 1473 v
1718 1430 1868 1484 Italijo.
1899 1429 1940 1471 V
1957 1429 2129 1472 Besan-

279 1515 393 1555 conu
424 1503 466 1557 Je
499 1503 744 1557 praznoval
778 1503 921 1545 boZic.
954 1502 1106 1545 Izvolil
1140 1503 1177 1545 si
1207 1503 1249 1557 je
1271 1505 1352 1557 pot
1371 1503 1499 1546 skozi
1522 1501 1820 1557 Burgundsko
1839 1504 1957 1552 zato,
1991 1501 2069 1543 ker
2087 1501 2129 1555 je

277 1586 332 1615 za
356 1576 525 1628 qotovo
549 1574 723 1626 zvedel,
758 1574 816 1615 da
838 1587 890 1616 so
916 1574 1101 1617 svabski
1124 1574 1323 1629 vojvoda
1346 1573 1523 1625 Rudolf,
1558 1573 1768 1616 bavarski
1789 1571 1987 1625 vojvoda
2004 1571 2131 1614 Welf

278 1646 320 1687 in
353 1646 753 1688 karantanski
800 1646 1067 1700 vojvoda
1113 1645 1405 1688 Bethtold
1438 1658 1460 1688 s
1483 1645 1833 1699 svojimicetami
1855 1643 2026 1686 zasedli
2047 1655 2129 1686 vse

279 1717 473 1767 soteske‚
509 1717 638 1758 skozi
672 1718 823 1759 katere
857 1729 906 1759 se
938 1717 979 1771 je
1012 1717 1163 1772 moqlo
1196 1718 1294 1771 priti
1327 1730 1355 1759 v
1388 1717 1539 1771 Italijo,
1574 1716 1632 1758 da
1665 1716 1708 1757 bi
1739 1716 1845 1758 tako
1878 1714 2017 1769 kralJu
2048 1724 2128 1756 za-

281 1788 434 1830 branili
468 1787 651 1841 prehod.

420 1880 651 1918 Lamberti
676 1879 903 1918 Hersfeld.
924 1881 1129 1918 Annales
1147 1881 1201 1917 ad
1225 1892 1260 1917 a.
1283 1881 1374 1918 1077
1393 1880 1497 1925 (ΜΟ.
1516 1879 1597 1922 SS..
1616 1881 1660 1922 V,
1680 1879 1783 1924 255):
1803 1880 1908 1922 „Rex
1928 1880 2129 1916 Heinricus

279 1942 317 1976 in
344 1941 490 1976 Italiam
519 1941 790 1985 proficiscens,
826 1942 925 1976 intra
962 1940 1227 1987 Burgundiam
1261 1941 1300 1977 in
1336 1942 1425 1977 loco
1462 1942 1525 1986 qui
1559 1941 1699 1976 dicitur
1733 1940 1927 1976 Bisenzun
1959 1939 2130 1976 natalem

277 1999 430 2035 Domini
457 2000 697 2036 celebravit.
717 2028 725 2036 .
747 2028 755 2036 .
782 2001 837 2036 Ea
864 2010 982 2046 porro
1010 2010 1129 2037 causa
1158 2004 1253 2042 erat,
1280 2003 1321 2036 ut
1347 2002 1484 2037 relicto
1511 2003 1619 2036 recto
1645 2001 1782 2036 itinere
1809 2000 1847 2035 in
1867 1999 2130 2046 Burgundiam

279 2059 502 2100 diverteret,
529 2061 634 2104 quod
662 2062 771 2096 certo
798 2062 1057 2105 compererat,
1086 2060 1205 2095 duces
1232 2058 1479 2101 Ruodolfum,
1512 2059 1622 2095 Welf
1646 2062 1687 2096 et
1711 2059 1960 2095 Berhtoldum
1992 2068 2130 2095 ornnes

277 2119 362 2154 vias
390 2128 606 2164 omnesque
633 2120 762 2155 aditus
790 2120 854 2164 qui
884 2119 933 2154 ad
960 2119 1110 2154 Italiam
1137 2121 1303 2160 mittunt,
1331 2129 1431 2164 quos
1457 2120 1620 2165 vulgato
1647 2120 1804 2155 nomine
1822 2119 1952 2154 clusas
1971 2120 2130 2159 vocant,

278 2178 470 2222 appositis
497 2179 728 2214 custodibus
755 2179 1006 2223 anticipasse,
1036 2181 1078 2214 ut
1104 2179 1207 2214 nulla
1235 2179 1310 2214 illic
1337 2179 1373 2214 ei
1400 2179 1514 2223 copia
1541 2178 1769 2214 transeundi
1796 2178 1943 2214 fieret.“

1075 2319 1166 2387 st.
1195 2334 1346 2388 525.

421 2453 570 2503 1077,
605 2453 710 2496 dne
742 2452 819 2496 15.
850 2451 904 2495 in
936 2452 1009 2496 15.
1030 2463 1223 2495 marca.
1256 2453 1522 2496 Forchheim.

412 2537 709 2591 Nasprotniki
742 2538 879 2591 kralja
913 2536 1120 2587 Henrika,
1154 2537 1255 2579 med
1288 2538 1406 2590 njimi
1438 2537 1530 2579 tudi
1563 2536 1955 2578 karantanski
1998 2536 2127 2590 voj-

280 2621 349 2651 vo
366 2609 432 2650 da
466 2608 502 2650 B
518 2609 783 2660 erhtold,
829 2621 880 2651 so
905 2621 954 2651 se
977 2609 1116 2650 zbrali
1134 2621 1163 2651 v
1181 2608 1311 2658 Ulmu
1334 2612 1399 2650 ter
1422 2608 1612 2659 dolocili,
1637 2607 1693 2650 da
1716 2620 1766 2650 se
1787 2608 1873 2650 dne
1899 2608 1964 2650 13.
1981 2618 2130 2650 marca

280 2680 452 2732 snidejo
486 2693 515 2722 v
548 2679 846 2731 Fordiheimu,
882 2680 975 2734 kjer
1008 2680 1166 2734 hocej0
1200 2679 1386 2731 skleniti,
1420 2680 1499 2721 kar
1531 2680 1575 2721 bi
1607 2679 1696 2722 bilo
1730 2679 1927 2732 potreba.
1967 2678 2055 2721 Ker
2086 2679 2129 2720 ni

281 2751 387 2805 kralj
420 2755 608 2802 navzoc,
643 2751 775 2805 imajo
810 2751 990 2806 uqodno
1025 2751 1195 2805 priliko,
1229 2751 1286 2792 da
1321 2763 1370 2793 se
1394 2751 1526 2793 lahko
1550 2750 1829 2804 posvetujejo
1850 2751 1892 2791 in
1915 2749 2128 2804 sklepaj0.

281 2822 321 2864 V
344 2822 629 2864 Ford1heimu
675 2834 728 2865 so
768 2823 898 2864 knezi
931 2822 1016 2864 dne
1054 2822 1118 2864 15.
1139 2834 1287 2864 marca
1320 2822 1578 2877 svabskega
1609 2821 1806 2876 vojvoda
1839 2820 2031 2863 Rudolfa
2063 2821 2128 2862 iz-

282 2894 390 2935 brali
421 2905 478 2935 za
510 2894 776 2947 protikralja.

421 2984 648 3022 Lamberti
662 2985 888 3023 Hersfeld.
907 2985 1110 3022 Annales
1126 2986 1177 3021 ad
1191 2995 1225 3021 a.
1246 2986 1336 3021 1077
1356 2985 1461 3030 (ΜΕ.
1481 2985 1561 3027 SS.,
1582 2985 1626 3021 V.
1644 2985 1747 3030 262J:
1763 2986 1937 3027 „Interea
1951 2985 2128 3031 Mogon-

281 3046 397 3086 tinus,
423 3045 766 3092 wirceburgensis
794 3048 834 3081 et
860 3046 1071 3081 Mettensis
1107 3046 1303 3090 episcopi,
1339 3045 1566 3087 Ruodolfus,
1592 3045 1711 3086 Welf,
1743 3045 1975 3081 Berhtoldus
2008 3045 2127 3081 duces

282 3106 321 3140 et
346 3105 410 3139 alii
437 3106 610 3150 plerique
639 3116 685 3141 ex
713 3106 952 3150 principibus
978 3105 1203 3141 Teutonicis
1230 3105 1525 3146 convenientes,
1550 3107 1723 3140 tractare
1749 3105 1797 3140 de
1823 3105 2053 3140 utilitatibus
2073 3104 2128 3140 rei

282 3164 462 3209 publicae
495 3166 727 3206 statuerunt,
755 3166 797 3200 ut
823 3165 1019 3209 principes
1054 3164 1251 3200 Saxoniae
1287 3167 1327 3200 et
1361 3173 1498 3200 omnes
1534 3164 1843 3209 quibuscumque
1876 3174 1939 3200 res
1973 3164 2127 3209 publica

283 3232 399 3258 curae
425 3222 538 3264 foret,
564 3224 598 3258 ὅ.
618 3223 705 3259 Idus
732 3224 866 3259 Martii
901 3224 939 3259 in
974 3223 1193 3259 Forecheim
1229 3226 1491 3265 occurrerent,
1522 3226 1562 3259 et
1593 3223 1788 3259 communi
1823 3223 2001 3264 consilio,
2035 3222 2129 3268 quid

282 3282 390 3317 facto
418 3291 516 3327 opus
550 3285 668 3323 esset.
703 3283 968 3324 decernerent,
1005 3283 1235 3328 praesertim
1270 3293 1368 3324 cum,
1404 3292 1474 3328 per
1510 3283 1731 3319 absentiam
1769 3283 1872 3328 regis
1910 3282 2127 3327 tranquillis

283 3341 411 3383 rebus,
437 3343 592 3386 tempus
620 3344 854 3386 oportunum
883 3342 1227 3378 deliberationibus
1254 3352 1301 3377 ac
1328 3342 1683 3378 consultationibus
1710 3343 1814 3378 nacti
1840 3342 2039 3378 fuissent.“
