2332 3704
266 215 336 250 210
1118 205 1173 248 St.
1191 213 1271 248 356.

1059 399 1152 467 St.
1180 414 1333 467 356.

407 520 561 572 1082,
596 520 701 565 dne
735 521 783 565 3.
807 520 1110 565 decembra‘.
1146 521 1308 575 Koper.

410 605 597 647 TrZflski
628 604 732 647 skof
749 604 954 647 Heribert
973 600 1289 658 [„Herebertus
1308 615 1341 646 s.
1363 604 1615 659 Tergestine
1638 604 1817 653 ecclesie
1840 602 2119 660 episcopus‘y

268 677 416 729 podeli
450 677 664 731 soqlasno
697 688 723 717 z
757 672 1107 729 arhid'ijakonom
1141 674 1374 717 Artuikom
1406 676 1448 716 in
1481 676 1640 728 svojim
1674 676 1962 718 odvetnikom
2007 675 2116 718 Ber-

266 748 432 790 taldom
480 746 703 800 [„insimul
748 758 842 789 cum
886 745 1099 801 Artuycho
1145 745 1448 789 archidiacono
1491 758 1576 800 per
1622 758 1879 790 consensum
1921 746 2124 790 Bertaldi

267 818 474 862 advocati
503 815 693 872 nostri“]
726 818 989 860 duhovseini
1022 817 1185 859 cerkve
1218 816 1379 871 Marije
1408 816 1574 859 Device
1615 830 1644 859 ν
1678 816 1900 871 Kopru,
1943 822 2121 861 namree

266 890 461 943 Zupniku
495 889 693 942 Baziliju,
728 889 1032 931 duhovnikom
1066 888 1216 940 Ivanu,
1250 887 1472 942 AndreJu,'
1496 888 1713 943 Florijanu
1746 890 1789 930 in
1822 892 1871 931 se
1905 889 2121 944 druqemu

266 960 417 1008 Ivflnu,
451 960 706 1014 dijflkonom
752 959 960 1002 Bertaldu
993 961 1035 1001 in
1069 962 1118 1001 se
1152 959 1367 1014 druqemu
1410 959 1634 1011 Bertaldu,
1680 959 1853 1001 Lazaru
1886 960 1928 1002 in
1968 959 2123 1011 Ivanu,

267 1031 612 1085 subdijakonom
647 1030 851 1084 DradeJu,
884 1030 1069 1085 Julijanu
1103 1031 1144 1072 in
1178 1030 1366 1084 Ripaldu
1411 1034 1476 1072 ter
1517 1043 1645 1073 vsem
1679 1030 1850 1086 druqim
1884 1031 2119 1086 katereqa-

268 1103 356 1145 koli
389 1103 495 1145 reda
529 1103 571 1144 in
603 1102 694 1144 tudi
728 1114 854 1145 vsem
888 1102 975 1155 njih
1009 1102 1317 1145 naslednikom
1350 1102 1448 1144 faro
1482 1114 1547 1145 εν.
1567 1101 1729 1144 Mavra
1764 1115 1792 1144 ν
1812 1103 1910 1144 vasi
1943 1101 2123 1154 Izoli,

267 1178 417 1228 potem
450 1175 633 1216 eetrtino
680 1173 852 1216 desetin
885 1174 927 1215 in
961 1174 1086 1226 prvin
1119 1177 1184 1215 ier
1216 1185 1297 1215 vse
1331 1173 1515 1223 darove,
1560 1173 1698 1215 kateri
1733 1173 1775 1214 bi
1808 1185 1858 1215 se
1891 1173 2059 1215 nabrali
2093 1186 2123 1215 ν

266 1247 412 1288 reeeni
445 1246 606 1287 cerkvi.
637 1241 701 1298 [„.
725 1278 733 1287 .
757 1279 764 1286 .
777 1243 997 1299 fratribus
1030 1246 1073 1287 et
1093 1244 1307 1299 fidelibus
1350 1245 1470 1295 meis,
1513 1245 1589 1298 qui
1631 1245 1734 1286 estis
1778 1244 1832 1287 de
1874 1256 2124 1300 congrega-

267 1317 383 1360 tione
413 1328 447 1358 s.
469 1316 612 1358 Marie
656 1315 1020 1370 Iustinopolitane
1063 1315 1261 1366 civitatis,
1302 1315 1468 1358 scilicet
1503 1314 1672 1358 Basilio
1711 1327 1807 1358 meo
1846 1314 2039 1370 plebano
2083 1318 2129 1358 et

265 1387 451 1431 Iohanni
474 1386 719 1442 presbitero
755 1389 798 1430 et
828 1385 1032 1429 Andreae
1065 1389 1106 1429 et
1136 1386 1344 1429 Floriano
1378 1389 1420 1429 et
1444 1386 1531 1429 alio
1553 1386 1740 1429 Iohanni
1752 1385 2020 1441 presbiteris,
2042 1386 2125 1429 sed

271 1461 313 1502 et
341 1458 550 1502 Bertaldo
585 1461 628 1500 et
657 1457 744 1500 alio
766 1457 986 1519 ‘Bertaldo
1032 1460 1074 1500 et
1122 1457 1295 1500 Lazaro
1342 1459 1384 1500 et
1422 1457 1608 1500 Iohanni
1649 1457 1919 1508 diaconibus,
1958 1457 2041 1500 sed
2083 1460 2129 1500 et

270 1529 445 1573 Prodeo
470 1532 511 1572 et
530 1529 698 1572 Iuliano
712 1531 763 1571 et
778 1528 969 1583 Ripaldo
985 1527 1328 1571 subdiaconibus
1352 1531 1394 1571 et
1413 1527 1591 1582 reliquis
1611 1528 1812 1571 omnibus
1831 1529 2128 1583 cujuscunque

270 1600 435 1644 ordinis
458 1601 696 1654 vestrisque
727 1599 1065 1651 successoribus,
1091 1599 1172 1643 hoc
1206 1602 1272 1642 est
1295 1598 1583 1654 plebanatum
1605 1600 1750 1642 sancti
1771 1599 1921 1642 Mauri
1946 1598 2000 1642 de
2021 1599 2124 1643 villa

268 1672 443 1715 Insulae
482 1683 576 1714 cum
611 1674 771 1725 quarta
798 1670 934 1725 parte
962 1671 1016 1714 de
1048 1671 1217 1713 decima
1251 1673 1293 1713 et
1317 1670 1531 1726 primiciis
1567 1672 1609 1713 et
1637 1681 1807 1713 omnem
1829 1671 2124 1726 offersionem,

271 1754 355 1797 que
376 1742 438 1785 ad
457 1743 597 1797 ipsum
622 1741 848 1785 ecclesiam
883 1738 1080 1796 evenit.“]
1113 1741 1238 1795 Dalje
1259 1742 1420 1792 doloei,
1455 1741 1512 1783 da
1544 1742 1614 1795 naj
1636 1742 1782 1784 reeeni
1806 1741 1943 1795 bratje
1967 1742 2009 1783 in
2036 1741 2126 1796 njih

271 1815 516 1856 nasledniki
535 1827 563 1856 ν
582 1814 695 1866 svoji
719 1810 943 1867 (Koprski)
964 1813 1113 1855 cerkvi
1137 1812 1356 1866 krseujej0
1377 1812 1549 1854 izolske
1572 1813 1742 1863 otroke,
1771 1813 1923 1854 katere
1942 1813 1983 1867 je
2002 1813 2127 1855 treba

272 1899 300 1928 ν
333 1886 614 1939 pripravnem
647 1888 754 1927 Casu
788 1897 846 1938 po
880 1885 985 1926 stari
1017 1884 1180 1926 navadi
1215 1884 1407 1938 prenesti
1440 1897 1469 1926 ν
1503 1883 1676 1937 Koper;
1709 1896 1763 1926 ne
1797 1883 1945 1938 smejo·
1971 1895 2028 1938 pa
2053 1884 2128 1926 biti
2199 1910 2202 1913 -

272 1957 429 1999 izolski
469 1956 608 1998 otroci
642 1956 815 1997 krseeni
849 1968 877 1997 ν
910 1955 1060 1997 cerkvi
1093 1967 1158 1997 εν.
1178 1954 1356 2005 Mavra,
1390 1954 1531 1996 kakor
1563 1966 1616 1997 so
1649 1954 1800 2008 prosili
1834 1954 1993 1996 izolski
2025 1966 2128 2008 pre-

273 2028 432 2070 bivfllci
466 2027 761 2081 duhovskeqa
794 2027 835 2068 in
870 2029 1150 2080 posvetneqa
1183 2029 1325 2075 stanu,
1359 2026 1437 2067 ker
1457 2027 1503 2067 to
1525 2037 1574 2067 se
1595 2026 1637 2067 ni
1659 2028 1709 2067 se
1731 2026 1886 2068 nikdar
1913 2026 2064 2080 godilo
2084 2027 2129 2069 in

272 2112 322 2142 se
354 2100 446 2141 iudi
480 2111 534 2140 ne
557 2110 664 2140 sme.
693 2098 807 2140 Tudi
832 2098 860 2139 k
886 2098 1010 2139 birmi
1033 2098 1074 2150 je
1101 2097 1225 2139 treba
1247 2097 1462 2150 pripeljati
1495 2097 1666 2138 izolske
1707 2096 1848 2139 deeke
1881 2110 1909 2140 ν
1932 2097 2134 2150 koprsko

272 2171 437 2212 cerkev
481 2168 640 2223 MarIJe
684 2168 863 2211 Device.
906 2192 962 2196 —-
1001 2167 1118 2210 Nato
1151 2168 1225 2221 jim
1260 2167 1365 2210 skof
1407 2167 1551 2221 potrdi
1584 2170 1634 2209 se
1666 2171 1726 2218 to,
1761 2168 1839 2209 kar
1869 2168 1911 2222 Je
1944 2180 2054 2222 prav
2086 2169 2130 2210 in

273 2242 352 2283 kar
385 2253 437 2283 so
471 2243 525 2282 Ze
559 2240 735 2282 dolocili
770 2242 916 2294 pape}
961 2235 1274 2291 Silvesterssl.)
1318 2238 1361 2280 in
1404 2238 1582 2293 nJeqovi
1627 2238 1888 2289 nasledniki,
1933 2241 2125 2289 namree,

274 2313 331 2354 da
363 2312 433 2365 naj
468 2311 665 2365 voditelji
698 2312 740 2352 in
773 2311 1021 2353 sluiabniki
1055 2310 1217 2352 cerkve
1249 2306 1487 2363 [„rectores
1520 2311 1562 2351 et
1591 2309 1778 2351 ministri
1815 2308 2040 2361 ecclesie“]
2070 2322 2125 2351 za

273 2386 413 2425 veene
448 2386 552 2424 ease
586 2382 799 2435 dobivaj0
822 2382 943 2424 cetrti
971 2381 1042 2423 del
1066 2381 1237 2423 desetin
1265 2380 1323 2422 od
1346 2380 1459 2423 vseh
1483 2381 1630 2423 stvari.
1670 2379 1773 2422 Hko
1795 2381 1838 2422 bi
1862 2381 1952 2423 kdo
1975 2379 2128 2424 ravnal

275 2454 387 2507 proti
419 2453 475 2507 tej
510 2453 688 2495 doloebi
720 2456 785 2495 ter
830 2454 874 2507 jo
917 2453 1045 2495 hotel·
1075 2452 1305 2506 prelomiti,
1351 2451 1421 2506 naj
1466 2452 1594 2505 placa
1639 2453 1830 2493 reeenim
1874 2452 2044 2494 bratom
2087 2453 2128 2493 in

274 2525 362 2578 njih
395 2524 705 2566 naslednikom
738 2528 813 2578 pet
845 2524 953 2566 liber
986 2523 1262 2577 nfljboljseqa
1295 2522 1424 2565 zlata.

418 2606 461 2650 S.
488 2618 541 2649 m.
565 2604 753 2661 (signum
799 2604 971 2659 manus)
1014 2605 1245 2648 Hereberti
1282 2606 1486 2660 episcopi.
1520 2629 1574 2634 —
1608 2604 1653 2649 S.
1675 2616 1729 2648 m.
1750 2604 1959 2648 Bertaldo
1990 2604 2127 2648 advo-

275 2681 385 2721 cato.
418 2701 474 2706 ——
509 2676 552 2721 S.
574 2689 627 2720 m.
652 2676 863 2732 Artuycho
897 2676 1047 2722 iudice.
1082 2702 1136 2706 —
1172 2675 1215 2720 S.
1235 2688 1290 2718 m.
1317 2675 1566 2720 Crescentio
1590 2675 1692 2730 filio
1716 2674 1886 2718 Amnae
1907 2675 1961 2718 de
1982 2678 2129 2719 castro

273 2749 441 2804 Mugla.
477 2773 530 2777 ——
565 2747 607 2792 S.
631 2760 684 2791 m.
715 2748 934 2791 Valtramo
968 2748 1070 2803 filio
1116 2746 1303 2790 Antonii.
1323 2772 1376 2777 —-
1411 2745 1454 2791 S.
1481 2758 1534 2789 m
1555 2747 1710 2790 Marco
1744 2747 1893 2801 frater
1934 2747 2038 2802 esus.
2072 2771 2128 2776 —

276 2820 320 2865 S.
343 2832 396 2863 m
420 2819 567 2862 Albini
588 2819 690 2874 filio
724 2819 949 2862 Amantini
979 2818 1032 2862 de
1065 2817 1303 2862 Alticherio.
1336 2842 1393 2846 —
1422 2817 1465 2862 S
1488 2829 1541 2861 m.
1565 2816 1736 2909 Andree
1759 2817 1863 2872 filio
1897 2816 2046 2861 Azica.
2070 2841 2123 2846 -—

276 2891 319 2936 S.
342 2904 395 2934 m.
421 2891 614 2934 Martino
642 2902 750 2933 nevo
778 2890 1012 2933 Vitellinof‘

417 2974 673 3028 „Regnante
717 2973 891 3016 domino
937 2972 1127 3016 Henrico
1171 2973 1374 3027 piissimo
1418 2983 1522 3026 rege
1564 2983 1679 3014 anno
1725 2970 1782 3014 ab
1827 2971 2130 3014 incarnatione

277 3045 441 3088 domini
482 3046 622 3088 nostri
664 3045 761 3087 Iesu
807 3043 970 3088 Christi
1007 3043 1290 3094 MLXXXIL,
1335 3042 1404 3086 die
1443 3042 1514 3085 III.
1549 3042 1712 3085 mensis
1742 3041 2011 3092 Decembris,
2057 3041 2124 3084 in-

277 3116 464 3158 dictione
507 3116 548 3158 V.
614 3114 767 3158 Actum
819 3115 861 3157 in
919 3114 1090 3157 civitate
1144 3113 1511 3187 Iustinopolitana
1561 3113 1677 3167 infra
1739 3115 1893 3155 atrium
1946 3114 2132 3155 sanctae

275 3186 484 3229 Mariaef‘

421 3278 654 3323 [Uqhelli‚
684 3278 793 3313 Italia
820 3287 946 3319 sacra,
975 3277 1019 3319 V,
1046 3278 1119 3313 col.
1138 3276 1220 3313 381.
1248 3297 1288 3302 —
1317 3276 1549 3317 Mainath
1577 3275 1793 3312 Chroniche
1814 3274 1921 3311 ossia
1943 3275 2130 3310 memorie

277 3338 442 3374 storiche
469 3338 507 3372 di
532 3338 695 3378 Trieste,
723 3337 747 3378 1,
774 3338 832 3374 97.
860 3358 900 3363 -
925 3336 1169 3377 -Kandler,
1198 3335 1342 3371 Codice
1370 3336 1460 3380 dipl.
1478 3335 1563 3371 Istr.
1581 3335 1642 3371 ad.
1663 3344 1698 3371 a.
1719 3333 1836 3378 1082]
