2332 3704
973 203 1029 245 St.
1049 209 1132 250 321.
1155 209 1238 250 322,
1264 209 1347 246 323.
2020 211 2081 246 191

230 355 323 389 tunc
338 353 494 398 quidem
513 353 719 397 quisquam
739 360 875 388 eorum
895 352 957 387 vel
978 352 1265 397 supplicantem
1286 351 1465 387 adtendit
1484 352 1545 386 vel
1567 351 1883 396 praecipientem.
1900 352 2081 388 omnibus

227 412 344 457 plane
369 412 421 447 ad
446 410 670 447 rebellionis
697 411 868 448 studium
894 411 1144 447 immobiliter
1168 411 1378 447 obstinatis
1400 438 1409 447 .
1430 438 1439 447 .
1460 438 1469 446 .
1490 410 1569 447 Sed
1603 420 1691 446 curn
1724 411 1875 446 videret
1900 411 1970 455 (sc,
1989 411 2083 455 rex).

225 471 299 507 sub
325 471 491 507 obtentu
518 470 718 516 religionis
753 471 950 516 principes
976 481 999 506 a
1025 480 1070 506 se
1096 471 1283 516 paulatim
1318 470 1503 512 deficere,
1529 472 1568 505 et
1595 470 1783 506 destituto
1818 471 1895 506 iam
1934 471 2086 506 auxiliis

225 531 401 576 imperio.
425 540 568 566 vanam
595 540 685 567 esse
711 531 1067 571 comminationem.
1095 539 1196 575 quae
1221 531 1299 565 vim
1326 529 1459 565 facere
1486 540 1564 566 non
1591 532 1741 574 posset,
1760 530 1901 574 quibus
1921 530 2084 565 commi-

226 592 400 632 naretur;
427 592 534 626 ratus
562 609 605 614 —
633 590 671 625 id
697 590 805 635 quod
829 592 985 635 ternpus
1011 590 1198 635 exigebat
1219 610 1260 615 —
1283 589 1437 625 utilitati
1459 589 1584 635 ma9is
1603 598 1718 634 quarn
1742 589 1969 625 iracundiae
1987 598 2085 624 con-

226 649 444 690 sulendum,
470 650 608 685 iterum
645 652 765 694 atque
801 650 941 685 iterum
975 659 1140 685 aversos
1177 649 1393 694 principum
1433 649 1588 684 animos
1627 648 1781 685 blandis
1820 649 2084 694 legationibus

227 710 405 755 mitigare
430 709 686 754 temptabat.“

1018 825 1110 893 St.
1138 840 1288 893 522.

366 957 516 1010 1076,
550 957 698 1004 okoli
730 959 1080 1016 septembra.¹
1113 959 1226 1004 Ulm.

368 1034 564 1086 Svabski
597 1042 795 1098 voivoda
829 1042 1006 1094 Rudolf,
1041 1043 1253 1086 bavarski
1285 1043 1486 1098 vojvoda
1508 1043 1648 1091 Welf,
1682 1044 1710 1085 k
1725 1055 1751 1085 a
1765 1055 1784 1085 r
1800 1055 1825 1085 a
1840 1055 1867 1085 n
1882 1046 1898 1085 t
1912 1054 1978 1084 an
1992 1055 2014 1085 s
2029 1043 2083 1085 ki

225 1126 294 1157 vo
305 1114 484 1168 ivoda
535 1113 845 1165 Berhtold,
902 1114 1184 1157 wiirzburski
1237 1114 1344 1157 skof
1385 1114 1666 1168 Hdalberonh,
1716 1114 1930 1157 wormski
1979 1113 2085 1156 skof

224 1184 440 1227 Adalbert
471 1185 512 1227 in
547 1188 596 1227 se
629 1189 714 1228 vec
746 1186 918 1241 druqih‚
953 1187 994 1227 ki
1028 1198 1081 1228 so
1114 1186 1250 1228 hoteli
1283 1187 1401 1228 imeti
1435 1186 1512 1228 red
1536 1199 1566 1229 v
1588 1186 1756 1236 driavi‚
1791 1198 1844 1228 so
1872 1197 1921 1227 se
1943 1185 2083 1227 zbrali

224 1268 254 1298 v
286 1255 415 1299 Ulmu
448 1260 514 1299 ter
546 1256 731 1308 sklenili,
766 1257 824 1299 da
856 1269 907 1300 se
940 1257 1114 1309 snidejo
1148 1257 1234 1299 dne
1270 1256 1335 1300 16.
1359 1258 1551 1300 oktobra
1577 1261 1627 1300 se
1650 1270 1676 1299 Ζ
1697 1257 1955 1299 nekaterimi
1976 1257 2082 1298 dru-

224 1328 327 1381 9imi
359 1328 490 1370 knezi
512 1341 541 1370 v
562 1327 751 1370 Triburu
783 1341 810 1370 Ζ
837 1340 1088 1379 namenom,
1123 1329 1179 1370 da
1203 1329 1368 1371 narede
1397 1329 1541 1371 konec
1562 1329 1787 1371 razlicnim
1810 1327 2080 1383 nezqodam,

224 1399 351 1441 vsled
385 1399 554 1442 katerih
587 1411 638 1442 se
668 1400 709 1454 Je
742 1402 797 1442 Ze
830 1403 914 1443 vec
946 1400 1004 1442 let
1036 1400 1156 1443 motil
1189 1401 1398 1443 cerkveni
1430 1401 1521 1442 mir.

363 1491 594 1529 Lamberti
619 1490 848 1530 nersfeld.
868 1492 1073 1530 Annales
1099 1493 1151 1528 ad
1177 1493 1326 1530 a.1076
1351 1492 1456 1535 (ΜΟ.
1478 1492 1559 1535 SS..
1586 1493 1632 1534 V,
1658 1493 1740 1534 250,
1767 1492 1871 1537 251):
1908 1492 2081 1534 „Interea

222 1551 440 1588 Ruodolfus
467 1553 544 1588 dux
570 1552 802 1594 Suevorum,
829 1552 940 1588 Welf
967 1553 1045 1588 dux
1071 1553 1354 1594 Baioariorum‚
1390 1552 1623 1588 Berhtoldus
1659 1553 1737 1588 dux
1772 1550 2081 1593 carentinorum.

221 1611 421 1648 Hdalbero
454 1613 666 1658 episcopus
693 1613 1037 1659 wirciburgensis,
1072 1612 1311 1648 Hdalbertus
1347 1613 1559 1658 episcopus
1586 1611 1909 1652 wormaciensis,
1943 1613 1983 1647 et
2016 1612 2081 1647 alii

223 1680 324 1716 quos
350 1671 406 1708 rei
432 1672 614 1717 publicae
639 1673 845 1708 calamitas
881 1673 1079 1713 movebat,
1105 1672 1144 1707 in
1170 1672 1261 1707 loco
1288 1673 1352 1717 qui
1380 1672 1520 1707 dicitur
1554 1671 1666 1709 Ulma
1702 1673 1901 1707 conventu
1932 1671 2081 1712 habito,

221 1733 454 1773 statuerunt,
481 1733 523 1767 ut
548 1741 699 1772 omnes,
726 1733 960 1777 quicumque
986 1732 1041 1767 rei
1067 1731 1248 1776 publicae
1275 1732 1496 1768 consultum
1521 1732 1678 1772 vellent,
1707 1731 1762 1767 17.
1782 1730 1980 1767 Kalendas
1998 1731 2080 1766 No-

222 1791 392 1826 vembris
424 1790 641 1826 Triburiam
676 1791 944 1832 convenirent,
971 1793 1010 1826 et
1035 1791 1156 1826 variis
1192 1791 1381 1832 cladibus,
1418 1791 1558 1836 quibus
1594 1791 1808 1836 permultos
1843 1790 1921 1826 iam
1954 1800 2082 1827 annos

223 1859 300 1894 pax
327 1850 598 1886 ecclesiastica
625 1850 868 1892 turbabatur,
888 1850 1048 1886 tandem
1074 1850 1287 1895 aliquando
1316 1850 1506 1886 malorum
1525 1851 1708 1896 pertaesi,
1727 1850 1848 1886 finem
1868 1849 2079 1886 racemata*

1021 2014 1114 2083 st.
1141 2029 1293 2083 323.

362 2146 510 2199 1076,
544 2147 650 2192 dne
681 2147 759 2192 16.
780 2147 1028 2193 oktobraz
1062 2148 1232 2191 Tribur.

364 2231 531 2274 Takrat
562 2245 615 2275 so
648 2245 678 2275 v
709 2232 901 2275 velikem
934 2231 1094 2274 stevilu
1128 2232 1248 2286 prisli
1282 2231 1468 2274 svabski
1501 2232 1543 2274 in
1576 2232 1698 2274 saski
1720 2232 1850 2274 knezi
1871 2245 1900 2275 v
1920 2231 2080 2274 Tribur

219 2315 246 2344 Ζ
288 2315 539 2355 namenom,
586 2303 644 2346 da
685 2304 910 2358 odstavij0
956 2303 1094 2357 kralja
1137 2301 1332 2346 Henrika
1375 2306 1440 2345 ter
1485 2307 1689 2346 namesto
1734 2303 1865 2358 nJeqa
1897 2303 2078 2358 izvolij0

220 2374 419 2430 drugeqa
462 2375 672 2427 vladarJa.
724 2374 812 2417 Kot
855 2377 1090 2429 papeieva
1136 2374 1283 2429 legata
1328 2377 1397 2416 sta
1442 2374 1528 2416 bila
1561 2377 1765 2417 navzoca
1809 2374 2078 2429 oglejSki

221 2446 486 2499 patriarh
531 2445 831 2500 Siqehard
864 2447 906 2487 in
940 2446 1158 2498 pasovski
1190 2444 1296 2487 skof
1327 2444 1518 2487 I-lltman.
1552 2444 1692 2487 Knezi
1724 2457 1778 2488 so
1801 2445 1986 2497 sklenili,
2020 2446 2077 2488 da

222 2528 276 2558 ne
322 2517 444 2559 bodo
487 2515 682 2559 Henrika
706 2516 775 2558 IV.
809 2520 892 2559 vec
934 2516 1180 2570 priznavali
1226 2528 1281 2558 za
1327 2516 1515 2572 svojeqa
1548 2516 1761 2570 vladarJ'a,
1807 2517 1895 2559 ako
1933 2529 1984 2559 se
2018 2517 2077 2559 do

221 2587 513 2642 prihodnjeqa
546 2587 770 2642 februarja
802 2600 856 2630 ne
890 2589 1046 2642 pomiri
1080 2600 1103 2630 s
1135 2589 1366 2641 papeiem.
1401 2586 1517 2639 Drvi,
1553 2588 1595 2630 ki
1627 2588 1668 2642 je
1694 2591 1740 2630 to
1761 2587 1923 2642 izjavil,
1956 2588 1996 2642 je
2018 2589 2076 2630 bil

221 2658 414 2711 patriarh
447 2657 679 2714 Siqehard.
724 2658 793 2702 Ko
825 2659 865 2713 ie
898 2659 956 2701 bil
989 2659 1116 2713 sklep
1148 2658 1334 2700 zbranih
1367 2659 1544 2702 knezov
1576 2660 1776 2713 zapisan,
1811 2659 1851 2713 je
1884 2659 2075 2713 patriarh

222 2729 385 2772 doticni
418 2729 489 2772 list
519 2730 685 2784 spravil
718 2743 748 2773 v
780 2731 878 2784 svoj
911 2733 1010 2784 Zep.

362 2821 590 2859 Lamberti
622 2821 851 2860 Hersfeld.
879 2822 1084 2860 Annales
1109 2824 1161 2859 ad
1186 2833 1221 2859 a.
1243 2823 1334 2860 1076
1361 2822 1466 2866 (MG.
1487 2822 1568 2865 SS„
1588 2822 1632 2864 V,
1659 2822 1763 2867 252):
1801 2822 1977 2864 „Statuta
2014 2824 2076 2859 die

222 2883 329 2918 iuxta
355 2883 580 2918 condictum
606 2881 776 2919 Sueviae
802 2882 999 2928 principes
1026 2885 1065 2919 et
1091 2882 1290 2919 Saxoniae
1306 2883 1522 2918 Triburiam
1543 2884 1814 2918 convenerunt
1834 2882 2076 2927 amplissimo

221 2950 396 2982 numero,
423 2941 630 2977 obstinatis
658 2941 854 2977 mentibus
880 2942 932 2978 ad
957 2942 1282 2978 summovendum
1308 2952 1330 2978 a
1358 2942 1534 2988 negociis
1560 2943 1669 2988 regni
1688 2951 1821 2987 regem
1842 2941 2075 2982 Heinricum,

220 3003 259 3036 et
285 3000 402 3036 alium
429 3001 467 3036 in
493 3009 608 3045 quem
633 3003 850 3037 communis
887 3002 1029 3037 electio
1063 3002 1337 3038 consensisset
1370 3002 1598 3037 creandum.
1633 3001 1808 3036 Hderant
1840 3010 1916 3036 una
1955 3001 2074 3047 legati

220 3060 469 3105 apostolicae
506 3060 624 3101 sedis.
664 3059 902 3106 Siqehardus
937 3061 1156 3106 patriarcha
1193 3061 1455 3106 Aquileiensis
1489 3063 1528 3096 et
1563 3061 1793 3096 Hltmannus
1827 3061 2073 3096 pataviensis

222 3119 433 3164 episcopus
454 3146 462 3154 .
484 3146 492 3154 .
514 3119 544 3153 .“

363 3189 532 3234 Brimo,
569 3189 638 3227 De
671 3189 794 3228 bello
820 3190 1061 3235 saxonico,
1098 3201 1130 3227 c.
1150 3192 1198 3228 88
1232 3191 1436 3236 (MG.SS.,
1463 3192 1502 3232 V,
1529 3192 1610 3233 363,
1636 3191 1738 3235 3620:
1775 3191 1883 3233 „Non
1916 3191 2072 3227 modico

221 3249 335 3295 igitur
361 3249 543 3285 Saxones
569 3250 742 3285 exercitu
768 3251 947 3291 collecto.
974 3254 1227 3296 perrexerunt
1254 3252 1304 3286 ad
1331 3251 1503 3287 Rhenum
1531 3254 1668 3287 contra
1695 3253 1822 3286 vicum
1850 3251 1913 3295 qui
1935 3251 2075 3285 dicitur

362 3357 373 3375 ¹
393 3355 531 3384 Zastran
551 3355 712 3391 datirania
734 3355 796 3391 qlei
819 3355 935 3392 Meyer
955 3363 986 3384 v.
1008 3356 1157 3391 Knonau,
1180 3356 1380 3392 labrbiidier,
1401 3356 1434 3388 ll,
1454 3359 1514 3389 726,
1536 3363 1590 3391 op.
