2332 3704
1009 225 1068 268 St.
1085 233 1167 273 317,
1193 232 1276 268 318.
1444 243 1446 245 >
2018 230 2085 266 189

1027 395 1120 464 St.
1148 410 1278 464 517.

368 518 515 570 1076,
549 530 581 563 ο
614 517 1031 563 velikonoenem
1064 518 1209 562 casu.

370 601 438 646 Ko
470 603 511 657 Je
545 603 602 645 bil
636 603 743 656 kralj
778 601 945 645 Henrik
977 601 1048 645 IV.
1071 601 1157 643 dne
1189 600 1259 643 21.
1282 600 1505 655 februaria
1528 600 1717 642 izobcen
1750 601 1792 641 iz
1824 600 2002 651 cerkve‚
2030 613 2083 643 so

226 675 406 730 njeqovi
439 675 526 728 oni
559 675 737 727 pristasi
769 677 887 716 ternu
922 672 1167 728 ugovarjali
1199 675 1265 714 ter
1296 671 1424 723 trdili,
1458 671 1516 714 da
1549 684 1598 714 se
1640 682 1697 713 na
1739 671 1889 713 rimski
1938 672 2083 715 sinodi

227 747 269 788 ni
303 747 518 799 pravicno
551 746 593 787 in
627 745 877 787 kanonicno
910 742 1150 798 postopalo
1183 745 1248 785 ter
1281 742 1338 784 da
1371 743 1489 785 nima
1529 742 1695 784 (10ῒίὂηί
1735 743 1862 796 sklep
1907 744 2083 785 nobene

226 818 412 871 veljave.
465 816 641 873 Mnoqo
673 817 733 872 jih
763 817 804 871 ie
838 828 895 871 pa
926 817 1020 859 tudi
1054 816 1157 868 bilo,
1191 816 1233 858 ki
1267 828 1320 858 so
1354 828 1404 858 se
1436 816 1616 869 strinjali
1650 828 1672 858 s
1705 819 1924 870 papeiem
1947 818 2012 857 ter
2033 827 2082 857 se

225 889 391 943 oqibali
425 889 562 942 kralja
596 888 772 931 deloma
805 891 923 939 zato,
957 888 1035 930 ker
1066 888 1106 941 je
1140 887 1198 929 bil
1231 886 1434 937 izobcen,
1469 887 1645 929 deloma
1679 898 1738 941 pa
1769 890 1887 938 zato,
1910 887 1987 929 ker
2010 898 2082 927 mu

226 961 324 1002 niso
370 960 561 1014 zaupali.
622 958 734 1002 Med
775 960 878 1002 temi
923 962 992 1002 sta
1038 959 1125 1000 bila
1169 958 1262 1000 tudi
1310 958 1575 1012 oglejSki
1621 958 1892 1011 patriarh
1938 958 1980 1000 in
2026 969 2082 1011 pa

226 1031 628 1073 karantanski
672 1030 935 1084 ,vojvoda
969 1029 1269 1072 Berhtold.
1322 1029 1389 1072 Ta
1422 1041 1471 1072 se
1498 1029 1539 1084 je
1562 1030 1951 1072 ovelikonocnern
1974 1032 2082 1071 casu

224 1103 340 1144 sesel
386 1115 413 1144 z
456 1103 713 1144 nekaterimi
751 1101 939 1157 druqimi
983 1102 1127 1152 knezi,
1174 1101 1231 1143 da
1274 1101 1318 1142 bi
1358 1113 1407 1142 se
1450 1100 1735 1155 posvetovali
1778 1113 1805 1142 o
1848 1100 2081 1151 nesrecah‚

223 1174 374 1216 katere
405 1174 553 1227 tlacijo
586 1173 770 1224 eravo,
803 1176 869 1215 ter
901 1173 1086 1223 sklenili,
1121 1172 1190 1226 kaj
1224 1173 1297 1226 iim
1328 1172 1369 1226 je
1403 1172 1554 1214 storiti.
1600 1171 1847 1227 Polagoma
1873 1172 1915 1226 ie
1941 1183 2082 1226 zoper

222 1244 360 1298 kralja
392 1244 565 1287 nastala
596 1257 651 1286 ne
684 1244 862 1298 majhna
893 1247 1063 1295 zarota,
1098 1244 1141 1286 ki
1173 1256 1223 1286 se
1255 1244 1296 1298 Je
1330 1243 1478 1286 vedno
1512 1243 1684 1291 vecala,
1718 1244 1801 1286 cim
1835 1243 1924 1298 bolj
1958 1256 2008 1286 se
2040 1244 2081 1297 je

224 1315 342 1357 sirila
374 1316 549 1363 novica,
583 1316 641 1357 da
671 1315 713 1370 je
746 1315 896 1357 rimski
929 1318 1075 1369 papeZ
1108 1314 1270 1358 izobcil
1302 1315 1440 1368 kralja
1472 1315 1514 1356 iz
1541 1315 1716 1357 cerkve.

363 1406 599 1444 Bertholdi
622 1406 828 1444 Annales
853 1407 906 1443 ad
930 1417 966 1443 a.
990 1408 1080 1444 1076
1106 1407 1211 1451 (ΜΟ.
1231 1407 1314 1448 SS.,
1341 1406 1384 1449 V,
1409 1407 1514 1451 283):
1544 1407 1713 1449 „Dehinc
1740 1417 1807 1443 rex
1826 1410 1866 1443 et
1883 1408 1942 1443 sui
1969 1417 2079 1444 com-

221 1469 334 1511 perto
360 1467 587 1512 apostolico
611 1467 853 1503 anathemati
879 1467 962 1503 fere
989 1477 1127 1503 omnes
1154 1467 1440 1507 contradixere,
1477 1469 1516 1502 et
1555 1467 1715 1503 omnino
1749 1468 1890 1503 iniuste
1926 1470 1966 1503 et
2001 1477 2079 1503 non

220 1527 415 1563 canonico
442 1527 580 1563 ordine
606 1529 750 1567 actum,
777 1526 963 1572 quiequid
989 1528 1083 1562 tunc
1110 1527 1147 1562 in
1174 1527 1330 1572 synodo
1353 1526 1529 1562 Romana
1556 1537 1580 1562 a
1606 1529 1686 1562 tarn
1722 1527 1917 1572 sacrilego
1950 1535 2082 1562 errore

219 1589 349 1622 actum
376 1587 439 1627 sit,
465 1586 724 1627 affirmantes.
751 1596 823 1631 pro
851 1586 989 1622 nichilo
1016 1586 1055 1621 id
1082 1595 1242 1630 prorsus
1274 1586 1458 1621 habuere.
1506 1586 1554 1621 Et
1579 1586 1654 1622 hoc
1690 1586 1793 1632 regis
1829 1586 2079 1622 solummodo

221 1646 433 1691 complices
460 1648 499 1681 et
525 1646 720 1686 fautores;
762 1648 960 1681 caeterum
994 1646 1134 1690 quibus
1169 1655 1278 1681 mens
1313 1645 1449 1681 sanior
1484 1648 1581 1686 erat,
1621 1655 1700 1681 non
1734 1646 1800 1681 ita.
1845 1646 1901 1681 Ex
1938 1646 2078 1690 quibus

220 1705 376 1750 quidam
403 1706 594 1750 episcopi,
627 1705 844 1750 patriarcha
878 1705 1180 1751 Aquilegiensis,
1215 1706 1426 1750 episcopus
1468 1705 1784 1752 salzburgensis,
1818 1706 2079 1747 pataviensis,

218 1765 533 1806 wormatiensis,
561 1765 625 1809 qui
652 1767 691 1799 et
716 1764 802 1809 ipse
829 1765 1017 1800 cathedra
1036 1774 1107 1800 sua
1128 1765 1263 1810 pulsus
1290 1767 1351 1800 est
1368 1775 1391 1801 a
1415 1775 1520 1811 rege,
1539 1775 1613 1801 nec
1634 1776 1714 1802 non
1732 1766 2078 1812 wirziburgensis,

219 1827 258 1859 et
285 1833 386 1868 pene
413 1833 551 1859 omnes
578 1823 776 1865 Saxonici,
805 1833 877 1859 nec
904 1834 982 1860 non
1020 1825 1140 1860 duces
1173 1824 1402 1866 Roudolfus,
1437 1825 1685 1867 Berhtoldus,
1720 1825 1840 1867 Welf,
1876 1827 1915 1861 et
1941 1827 2077 1861 caete·-

220 1893 350 1918 rorum
377 1884 486 1928 regni
514 1884 721 1927 primatum
748 1893 840 1928 pars
867 1893 945 1919 non
983 1884 1136 1919 modica
1165 1893 1252 1919 cum
1279 1884 1504 1928 apostolico
1538 1885 1807 1921 indubitanter
1840 1885 2077 1925 sentiebant.

221 1942 365 1986 quique
392 1942 619 1987 praedictae
638 1943 920 1986 conspirationi
946 1943 1137 1979 interesse
1158 1943 1376 1979 noluerant.
1404 1944 1518 1981 Unde
1544 1946 1583 1980 et
1611 1945 1750 1980 dehinc
1775 1954 1799 1980 a
1826 1954 1918 1990 rege
1933 1946 2076 1986 vocati,

220 2002 346 2045 ipsum
374 2002 613 2043 devitabant,
641 2012 728 2037 cum
755 2004 917 2047 propter
950 2003 1173 2044 anathema,
1198 2004 1280 2038 turn
1307 2003 1424 2039 etiam
1463 2004 1570 2048 quod
1604 2005 1771 2040 maxime
1806 2004 1845 2040 in
1879 2005 1944 2040 illo
1977 2014 2076 2041 con—

220 2060 430 2096 fidebant“

360 2131 589 2169 Lamberti
613 2131 841 2169 Hersfeld.
868 2132 987 2169 Ihm.
1006 2134 1058 2168 ad
1083 2143 1118 2170 a.
1141 2134 1234 2170 1076
1259 2133 1365 2178 (ΜΟ.
1386 2134 1466 2176 SS..
1486 2135 1531 2176 V,
1550 2135 1632 2176 243,
1657 2135 1758 2179 2441:
1788 2136 1957 2178 „Pascha
1977 2137 2074 2172 Tra-

218 2192 306 2237 jecti
345 2191 558 2227 celebravit
596 2191 665 2235 (sc.
683 2192 766 2236 rex)
786 2220 794 2228 .
815 2220 824 2228 .
844 2217 852 2224 .
874 2192 964 2237 Ipso
999 2196 1178 2238 tempore
1216 2193 1433 2230 Ruodolfus
1469 2195 1547 2230 dux
1584 2194 1819 2238 Suevorum,
1854 2195 1965 2231 Welf
1996 2196 2073 2232 dux

218 2250 497 2292 Baioariorum,
532 2251 766 2287 Berhtoldus
801 2252 878 2288 dux
913 2251 1224 2294 Carentinorum,
1259 2253 1459 2289 Adalbero
1494 2256 1707 2300 episcopus
1733 2255 2072 2301 wirciburgensis.

217 2309 475 2346 Herimannus
502 2311 714 2356 episcopus
740 2311 952 2348 Mettensis
980 2315 1019 2348 et
1045 2313 1109 2348 alii
1137 2314 1311 2358 plerique
1338 2314 1535 2359 principes
1562 2315 1845 2350 convenientes
1872 2315 1910 2350 in
1943 2324 2072 2356 unum,

218 2370 381 2405 consilia
407 2370 676 2411 conferebant,
703 2371 743 2406 in
769 2371 889 2407 tantis
917 2372 1218 2414 calamitatibus.
1246 2373 1387 2417 quibus
1423 2383 1485 2409 res
1523 2374 1679 2419 publica
1713 2374 1945 2415 vexabatur,
1981 2375 2072 2419 quid

218 2428 326 2463 facto
352 2438 451 2473 opus
479 2432 614 2466 esset.
635 2457 644 2465 .
665 2457 670 2462 .
692 2429 810 2465 Facta
837 2432 898 2466 est
923 2431 1040 2477 igitur
1065 2433 1307 2476 conspiratio
1335 2442 1414 2468 non
1443 2433 1609 2474 modica,
1637 2435 1676 2468 et
1702 2433 1827 2479 magis
1862 2443 1909 2468 ac
1946 2434 2071 2480 magis

218 2487 255 2522 in
283 2487 367 2523 dies
402 2488 624 2529 roboratur,
659 2498 705 2523 ea
742 2499 783 2524 re
820 2490 987 2526 maxime
1026 2491 1206 2526 omnibus
1245 2501 1384 2527 ausum
1411 2494 1450 2527 et
1475 2492 1660 2527 fiduciam
1699 2493 1926 2538 praebente,
1965 2494 2071 2538 quod

217 2547 596 2582 excommunicatum
622 2556 712 2583 esse
738 2557 870 2593 regem
897 2559 920 2584 a
947 2549 1123 2585 Romano
1151 2551 1341 2594 pontifice
1367 2551 1593 2596 frequentes
1619 2553 1671 2587 ab
1699 2551 1807 2588 Italia
1834 2553 1963 2588 nuncii
1981 2555 2069 2588 cot-

218 2605 312 2640 tidie
339 2605 604 2642 deferebant.“

358 2675 536 2713 arnulfi
573 2675 712 2715 Gesta
750 2678 1189 2726 archiepiscoporum
1227 2681 1654 2727 mediolanensium,
1688 2683 1753 2719 lib.
1774 2683 1817 2725 V,
1855 2694 1887 2720 c.
1907 2684 1930 2720 8
1963 2684 2067 2728 (ΜΟ.

217 2735 296 2776 SS..
323 2735 521 2780 vl11,30):
559 2738 730 2778 „Eodem
764 2741 943 2784 tempore
981 2749 1078 2786 qens
1117 2741 1335 2776 Teutonum
1371 2742 1435 2777 illa
1471 2743 1689 2783 barbarica,
1724 2744 1908 2788 precipue
1947 2744 2066 2779 duces

216 2795 431 2836 Bertaldus,
458 2795 647 2833 Rodulfus
674 2800 713 2833 et
738 2798 873 2834 Welfo
900 2808 987 2834 cum
1015 2800 1224 2836 comitibus
1252 2803 1290 2836 et
1317 2802 1516 2846 episcopis
1551 2802 1712 2847 cognita
1747 2804 2066 2839 excommunica-

216 2855 322 2889 tione
350 2854 536 2896 Romana.
562 2866 585 2891 a
612 2858 722 2902 regio
749 2866 909 2902 prorsus
936 2868 980 2894 se
1006 2859 1238 2895 subtraxere
1271 2862 1485 2902 consortio,
1513 2862 1551 2896 in
1578 2862 1683 2897 nullo
1719 2863 2066 2898 communicantes.

217 2913 377 2958 Insuper
403 2914 440 2949 in
468 2915 597 2951 multis
623 2919 859 2952 accusantes
886 2927 973 2954 eum
1000 2919 1225 2954 criminibus
1252 2919 1411 2956 infamia
1439 2921 1720 2957 denotabant.“

1011 3070 1102 3138 st.
1129 3086 1266 3139 318.

354 3197 502 3250 1076,
536 3210 569 3244 o
602 3199 1015 3247 velikonocnem
1048 3205 1193 3248 casu.

356 3282 506 3326 Bruno
539 3284 844 3339 pripoveduje,
879 3286 936 3329 da
967 3288 1009 3341 je
1042 3288 1149 3343 kralj
1183 3288 1351 3331 Henrik
1383 3290 1566 3332 veckrat
1598 3290 1717 3333 hotel
1740 3291 1936 3345 vojvoda
1970 3291 2060 3334 Ru-

213 3353 333 3395 dolfa
371 3358 587 3398 zavratno
621 3356 811 3408 umoriti;
856 3358 934 3400 ker
965 3359 1005 3412 je
1039 3359 1097 3401 bil
1130 3371 1187 3413 pa
1220 3363 1265 3402 ta
1300 3361 1477 3414 pazljiv,
1522 3373 1571 3404 se
1604 3364 1649 3404 to
1682 3363 1724 3404 ni
1756 3362 1949 3418 zgodilo.
1991 3362 2059 3405 Na
