<?xml version="1.0" encoding="UTF-8"?>
<!DOCTYPE html PUBLIC "-//W3C//DTD XHTML 1.0 Transitional//EN"
    "http://www.w3.org/TR/xhtml1/DTD/xhtml1-transitional.dtd">
<html xmlns="http://www.w3.org/1999/xhtml" xml:lang="en" lang="en">
 <head>
  <title>
</title>
<meta http-equiv="Content-Type" content="text/html;charset=utf-8" />
  <meta name='ocr-system' content='tesseract 3.04.00' />
  <meta name='ocr-capabilities' content='ocr_page ocr_carea ocr_par ocr_line ocrx_word'/>
</head>
<body>
  <div class='ocr_page' id='page_1' title='image "./gradivozazgodovi03kosmuoft_0207.png"; bbox 0 0 2332 3704; ppageno 0'>
   <div class='ocr_carea' id='block_1_1' title="bbox 0 122 3 1230">
    <p class='ocr_par' dir='ltr' id='par_1_1' title="bbox 0 122 3 1230">
     <span class='ocr_line' id='line_1_1' title="bbox 0 122 3 1230; baseline 0 0"><span class='ocrx_word' id='word_1_1' title='bbox 0 122 3 1230; x_wconf 95' lang='lat' dir='ltr'> </span> 
     </span>
    </p>
   </div>
   <div class='ocr_carea' id='block_1_2' title="bbox 1030 232 2090 280">
    <p class='ocr_par' dir='ltr' id='par_1_2' title="bbox 1030 232 2090 280">
     <span class='ocr_line' id='line_1_2' title="bbox 1030 232 2090 280; baseline 0.003 -5"><span class='ocrx_word' id='word_1_2' title='bbox 1030 232 1086 275; x_wconf 84' lang='lat' dir='ltr'>St.</span> <span class='ocrx_word' id='word_1_3' title='bbox 1108 239 1187 280; x_wconf 80' lang='lat'>196,</span> <span class='ocrx_word' id='word_1_4' title='bbox 1216 240 1294 277; x_wconf 86' lang='lat'>197.</span> <span class='ocrx_word' id='word_1_5' title='bbox 2023 244 2090 279; x_wconf 83' lang='lat'>123</span> 
     </span>
    </p>
   </div>
   <div class='ocr_carea' id='block_1_3' title="bbox 242 379 2086 490">
    <p class='ocr_par' dir='ltr' id='par_1_3' title="bbox 242 379 2086 490">
     <span class='ocr_line' id='line_1_3' title="bbox 384 379 2086 427; baseline 0.004 -11"><span class='ocrx_word' id='word_1_6' title='bbox 384 380 501 417; x_wconf 71' lang='lat' dir='ltr'>Eun.</span> <span class='ocrx_word' id='word_1_7' title='bbox 520 379 732 417; x_wconf 66' lang='lat' dir='ltr'>altahen.</span> <span class='ocrx_word' id='word_1_8' title='bbox 752 380 854 417; x_wconf 83' lang='lat' dir='ltr'>mai.</span> <span class='ocrx_word' id='word_1_9' title='bbox 872 381 923 417; x_wconf 83' lang='lat' dir='ltr'>ad</span> <span class='ocrx_word' id='word_1_10' title='bbox 943 391 978 417; x_wconf 88' lang='lat' dir='ltr'>a.</span> <span class='ocrx_word' id='word_1_11' title='bbox 999 381 1090 418; x_wconf 85' lang='grc'>1057</span> <span class='ocrx_word' id='word_1_12' title='bbox 1108 381 1213 425; x_wconf 78' lang='grc' dir='ltr'><strong>(ΜΟ.</strong></span> <span class='ocrx_word' id='word_1_13' title='bbox 1233 382 1313 424; x_wconf 88' lang='lat' dir='ltr'>SS..</span> <span class='ocrx_word' id='word_1_14' title='bbox 1334 383 1409 424; x_wconf 87' lang='lat' dir='ltr'>XX.</span> <span class='ocrx_word' id='word_1_15' title='bbox 1430 383 1532 427; x_wconf 88' lang='lat'><strong>808):</strong></span> <span class='ocrx_word' id='word_1_16' title='bbox 1554 384 1818 426; x_wconf 87' lang='lat' dir='ltr'>„Dominicarn</span> <span class='ocrx_word' id='word_1_17' title='bbox 1841 386 2086 422; x_wconf 83' lang='lat' dir='ltr'>nativitatem</span> 
     </span>
     <span class='ocr_line' id='line_1_4' title="bbox 242 439 2086 490; baseline 0.004 -16"><span class='ocrx_word' id='word_1_18' title='bbox 242 449 311 474; x_wconf 89' lang='lat' dir='ltr'>rex</span> <span class='ocrx_word' id='word_1_19' title='bbox 337 439 526 475; x_wconf 87' lang='lat' dir='ltr'>Henricus</span> <span class='ocrx_word' id='word_1_20' title='bbox 552 440 680 476; x_wconf 85' lang='lat' dir='ltr'>adhuc</span> <span class='ocrx_word' id='word_1_21' title='bbox 706 449 802 484; x_wconf 82' lang='lat' dir='ltr'>puer</span> <span class='ocrx_word' id='word_1_22' title='bbox 827 441 1012 485; x_wconf 80' lang='lat' dir='ltr'>parvulus</span> <span class='ocrx_word' id='word_1_23' title='bbox 1039 441 1254 478; x_wconf 86' lang='lat' dir='ltr'>Ratisbone</span> <span class='ocrx_word' id='word_1_24' title='bbox 1279 442 1506 484; x_wconf 89' lang='lat' dir='ltr'>celebravit,</span> <span class='ocrx_word' id='word_1_25' title='bbox 1533 443 1769 488; x_wconf 81' lang='lat' dir='ltr'>colloquium</span> <span class='ocrx_word' id='word_1_26' title='bbox 1798 446 1980 490; x_wconf 71' lang='lat' dir='ltr'>generale</span> <span class='ocrx_word' id='word_1_27' title='bbox 2001 455 2086 481; x_wconf 88' lang='lat' dir='ltr'>cum</span> 
     </span>
    </p>
   </div>
   <div class='ocr_carea' id='block_1_4' title="bbox 242 498 2086 598">
    <p class='ocr_par' dir='ltr' id='par_1_4' title="bbox 242 498 2086 598">
     <span class='ocr_line' id='line_1_5' title="bbox 242 498 2086 549; baseline 0.004 -16"><span class='ocrx_word' id='word_1_28' title='bbox 242 498 350 544; x_wconf 70' lang='lat' dir='ltr'>regni</span> <span class='ocrx_word' id='word_1_29' title='bbox 378 499 607 543; x_wconf 81' lang='lat' dir='ltr'>primatibus</span> <span class='ocrx_word' id='word_1_30' title='bbox 635 500 781 536; x_wconf 85' lang='lat' dir='ltr'>habuit.</span> <span class='ocrx_word' id='word_1_31' title='bbox 808 499 1010 536; x_wconf 89' lang='lat' dir='ltr'>Chuononi</span> <span class='ocrx_word' id='word_1_32' title='bbox 1037 500 1190 536; x_wconf 88' lang='lat' dir='ltr'>cuidam</span> <span class='ocrx_word' id='word_1_33' title='bbox 1218 504 1391 547; x_wconf 71' lang='lat' dir='ltr'>cognato</span> <span class='ocrx_word' id='word_1_34' title='bbox 1417 512 1490 538; x_wconf 88' lang='lat' dir='ltr'>suo</span> <span class='ocrx_word' id='word_1_35' title='bbox 1518 503 1712 547; x_wconf 83' lang='lat' dir='ltr'>ducatum,</span> <span class='ocrx_word' id='word_1_36' title='bbox 1740 513 1855 549; x_wconf 83' lang='lat' dir='ltr'>quem</span> <span class='ocrx_word' id='word_1_37' title='bbox 1882 505 1990 540; x_wconf 84' lang='lat' dir='ltr'>Welt</span> <span class='ocrx_word' id='word_1_38' title='bbox 2015 506 2086 541; x_wconf 89' lang='lat' dir='ltr'>ha—</span> 
     </span>
     <span class='ocr_line' id='line_1_6' title="bbox 243 556 604 598; baseline 0.006 -7"><span class='ocrx_word' id='word_1_39' title='bbox 243 556 392 598; x_wconf 86' lang='lat' dir='ltr'>buerat,</span> <span class='ocrx_word' id='word_1_40' title='bbox 412 558 604 594; x_wconf 82' lang='lat' dir='ltr'>tradidit.“</span> 
     </span>
    </p>
   </div>
   <div class='ocr_carea' id='block_1_5' title="bbox 383 627 2086 680">
    <p class='ocr_par' dir='ltr' id='par_1_5' title="bbox 383 627 2086 680">
     <span class='ocr_line' id='line_1_7' title="bbox 383 627 2086 680; baseline 0.004 -17"><span class='ocrx_word' id='word_1_41' title='bbox 383 627 610 665; x_wconf 83' lang='lat' dir='ltr'>Lamberti</span> <span class='ocrx_word' id='word_1_42' title='bbox 636 628 862 666; x_wconf 77' lang='lat' dir='ltr'>Hersfeld.</span> <span class='ocrx_word' id='word_1_43' title='bbox 883 629 1001 666; x_wconf 74' lang='lat' dir='ltr'>Han.</span> <span class='ocrx_word' id='word_1_44' title='bbox 1018 630 1070 666; x_wconf 91' lang='lat' dir='ltr'>ad</span> <span class='ocrx_word' id='word_1_45' title='bbox 1087 640 1123 666; x_wconf 89' lang='lat' dir='ltr'>a.</span> <span class='ocrx_word' id='word_1_46' title='bbox 1143 630 1234 666; x_wconf 89' lang='grc'>1057</span> <span class='ocrx_word' id='word_1_47' title='bbox 1260 630 1364 675; x_wconf 79' lang='lat' dir='ltr'><strong>(MG.</strong></span> <span class='ocrx_word' id='word_1_48' title='bbox 1385 631 1465 672; x_wconf 89' lang='lat' dir='ltr'>SS..</span> <span class='ocrx_word' id='word_1_49' title='bbox 1493 632 1536 673; x_wconf 82' lang='lat' dir='ltr'>V,</span> <span class='ocrx_word' id='word_1_50' title='bbox 1566 632 1664 676; x_wconf 86' lang='lat'>159):</span> <span class='ocrx_word' id='word_1_51' title='bbox 1695 632 1864 675; x_wconf 74' lang='lat' dir='ltr'>„Cu0n0,</span> <span class='ocrx_word' id='word_1_52' title='bbox 1892 637 2086 680; x_wconf 71' lang='lat' dir='ltr'>cognatus</span> 
     </span>
    </p>
   </div>
   <div class='ocr_carea' id='block_1_6' title="bbox 240 687 2088 786">
    <p class='ocr_par' dir='ltr' id='par_1_6' title="bbox 240 687 2088 786">
     <span class='ocr_line' id='line_1_8' title="bbox 240 687 2088 736; baseline 0.004 -14"><span class='ocrx_word' id='word_1_53' title='bbox 240 687 355 732; x_wconf 70' lang='lat' dir='ltr'>regis,</span> <span class='ocrx_word' id='word_1_54' title='bbox 384 687 460 723; x_wconf 90' lang='lat' dir='ltr'>dux</span> <span class='ocrx_word' id='word_1_55' title='bbox 487 687 616 724; x_wconf 85' lang='lat' dir='ltr'>factus</span> <span class='ocrx_word' id='word_1_56' title='bbox 643 691 703 724; x_wconf 88' lang='lat' dir='ltr'>est</span> <span class='ocrx_word' id='word_1_57' title='bbox 729 688 1036 725; x_wconf 85' lang='lat' dir='ltr'>Carentinorum.</span> <span class='ocrx_word' id='word_1_58' title='bbox 1062 689 1196 725; x_wconf 84' lang='lat' dir='ltr'>Frater</span> <span class='ocrx_word' id='word_1_59' title='bbox 1222 690 1304 726; x_wconf 87' lang='lat' dir='ltr'>eius</span> <span class='ocrx_word' id='word_1_60' title='bbox 1332 690 1545 732; x_wconf 82' lang='lat' dir='ltr'>Heinricus‚</span> <span class='ocrx_word' id='word_1_61' title='bbox 1574 692 1770 736; x_wconf 84' lang='lat' dir='ltr'>palatinus</span> <span class='ocrx_word' id='word_1_62' title='bbox 1789 702 1923 728; x_wconf 89' lang='lat' dir='ltr'>comes</span> <span class='ocrx_word' id='word_1_63' title='bbox 1943 694 2088 729; x_wconf 86' lang='lat' dir='ltr'>Lutha-</span> 
     </span>
     <span class='ocr_line' id='line_1_9' title="bbox 241 746 502 786; baseline 0.008 -6"><span class='ocrx_word' id='word_1_64' title='bbox 241 746 396 786; x_wconf 87' lang='lat' dir='ltr'>riorum,</span> <span class='ocrx_word' id='word_1_65' title='bbox 414 774 422 782; x_wconf 97' lang='lat'>.</span> <span class='ocrx_word' id='word_1_66' title='bbox 443 774 451 782; x_wconf 91' lang='lat'>.</span> <span class='ocrx_word' id='word_1_67' title='bbox 473 748 502 782; x_wconf 87' lang='lat'>.“</span> 
     </span>
    </p>
   </div>
   <div class='ocr_carea' id='block_1_7' title="bbox 239 816 2086 983">
    <p class='ocr_par' dir='ltr' id='par_1_7' title="bbox 239 816 2086 983">
     <span class='ocr_line' id='line_1_10' title="bbox 381 816 2086 869; baseline 0.004 -16"><span class='ocrx_word' id='word_1_68' title='bbox 381 816 679 855; x_wconf 72' lang='lat' dir='ltr'>monumenta</span> <span class='ocrx_word' id='word_1_69' title='bbox 703 817 1070 865; x_wconf 75' lang='lat' dir='ltr'>Epternacensia.</span> <span class='ocrx_word' id='word_1_70' title='bbox 1104 829 1138 856; x_wconf 90' lang='lat' dir='ltr'>c.</span> <span class='ocrx_word' id='word_1_71' title='bbox 1157 821 1204 855; x_wconf 82' lang='lat'>33</span> <span class='ocrx_word' id='word_1_72' title='bbox 1232 819 1337 863; x_wconf 77' lang='grc' dir='ltr'><strong>(ΜΟ.</strong></span> <span class='ocrx_word' id='word_1_73' title='bbox 1355 819 1434 862; x_wconf 70' lang='lat' dir='ltr'>SS„</span> <span class='ocrx_word' id='word_1_74' title='bbox 1462 820 1584 861; x_wconf 85' lang='grc' dir='ltr'><strong>ΧΧΙΙΙ,</strong></span> <span class='ocrx_word' id='word_1_75' title='bbox 1612 821 1688 865; x_wconf 83' lang='grc'><strong>26);</strong></span> <span class='ocrx_word' id='word_1_76' title='bbox 1727 821 1930 863; x_wconf 88' lang='lat' dir='ltr'>„Summae</span> <span class='ocrx_word' id='word_1_77' title='bbox 1959 824 2086 869; x_wconf 71' lang='lat' dir='ltr'>digni-</span> 
     </span>
     <span class='ocr_line' id='line_1_11' title="bbox 239 875 2085 924; baseline 0.004 -13"><span class='ocrx_word' id='word_1_78' title='bbox 239 875 331 912; x_wconf 85' lang='lat' dir='ltr'>tatis</span> <span class='ocrx_word' id='word_1_79' title='bbox 352 879 392 912; x_wconf 94' lang='lat' dir='ltr'>et</span> <span class='ocrx_word' id='word_1_80' title='bbox 412 878 688 922; x_wconf 70' lang='lat' dir='ltr'>generositatis</span> <span class='ocrx_word' id='word_1_81' title='bbox 708 887 903 924; x_wconf 87' lang='lat' dir='ltr'>proceres,</span> <span class='ocrx_word' id='word_1_82' title='bbox 931 888 1065 924; x_wconf 70' lang='lat' dir='ltr'>regum</span> <span class='ocrx_word' id='word_1_83' title='bbox 1086 881 1307 924; x_wconf 68' lang='lat' dir='ltr'>progenies.</span> <span class='ocrx_word' id='word_1_84' title='bbox 1335 879 1470 915; x_wconf 89' lang='lat' dir='ltr'>Cuono</span> <span class='ocrx_word' id='word_1_85' title='bbox 1490 880 1567 915; x_wconf 90' lang='lat' dir='ltr'>dux</span> <span class='ocrx_word' id='word_1_86' title='bbox 1586 880 1897 917; x_wconf 87' lang='lat' dir='ltr'>Karendinorum</span> <span class='ocrx_word' id='word_1_87' title='bbox 1916 885 1955 918; x_wconf 87' lang='lat' dir='ltr'>et</span> <span class='ocrx_word' id='word_1_88' title='bbox 1975 883 2085 918; x_wconf 90' lang='lat' dir='ltr'>adel-</span> 
     </span>
     <span class='ocr_line' id='line_1_12' title="bbox 240 936 1038 983; baseline 0.004 -12"><span class='ocrx_word' id='word_1_89' title='bbox 240 936 339 980; x_wconf 84' lang='lat' dir='ltr'>phus</span> <span class='ocrx_word' id='word_1_90' title='bbox 366 937 449 972; x_wconf 91' lang='lat' dir='ltr'>eius</span> <span class='ocrx_word' id='word_1_91' title='bbox 475 936 677 973; x_wconf 87' lang='lat' dir='ltr'>Heinricus</span> <span class='ocrx_word' id='word_1_92' title='bbox 704 938 844 983; x_wconf 85' lang='lat' dir='ltr'>palacii</span> <span class='ocrx_word' id='word_1_93' title='bbox 871 940 1038 974; x_wconf 84' lang='lat' dir='ltr'>comes.“</span> 
     </span>
    </p>
   </div>
   <div class='ocr_carea' id='block_1_8' title="bbox 1040 1080 1291 1149">
    <p class='ocr_par' dir='ltr' id='par_1_8' title="bbox 1040 1080 1291 1149">
     <span class='ocr_line' id='line_1_13' title="bbox 1040 1080 1291 1149; baseline 0 -1"><span class='ocrx_word' id='word_1_94' title='bbox 1040 1080 1132 1149; x_wconf 74' lang='lat' dir='ltr'>St.</span> <span class='ocrx_word' id='word_1_95' title='bbox 1158 1096 1291 1149; x_wconf 87' lang='lat'><strong>197.</strong></span> 
     </span>
    </p>
   </div>
   <div class='ocr_carea' id='block_1_9' title="bbox 380 1211 1324 1272">
    <p class='ocr_par' dir='ltr' id='par_1_9' title="bbox 380 1211 1324 1272">
     <span class='ocr_line' id='line_1_14' title="bbox 380 1211 1324 1272; baseline 0.005 -18"><span class='ocrx_word' id='word_1_96' title='bbox 380 1211 531 1263; x_wconf 87' lang='grc'>1057,</span> <span class='ocrx_word' id='word_1_97' title='bbox 566 1212 671 1257; x_wconf 87' lang='lat' dir='ltr'>dne</span> <span class='ocrx_word' id='word_1_98' title='bbox 703 1212 753 1256; x_wconf 74' lang='lat'>4.</span> <span class='ocrx_word' id='word_1_99' title='bbox 780 1212 1067 1270; x_wconf 78' lang='lat' dir='ltr'>februaria.</span> <span class='ocrx_word' id='word_1_100' title='bbox 1099 1214 1324 1272; x_wconf 72' lang='lat' dir='ltr'>Neuburq.</span> 
     </span>
    </p>
   </div>
   <div class='ocr_carea' id='block_1_10' title="bbox 226 1295 2086 3423">
    <p class='ocr_par' dir='ltr' id='par_1_10' title="bbox 230 1295 2085 1709">
     <span class='ocr_line' id='line_1_15' title="bbox 381 1295 2084 1355; baseline 0.004 -18"><span class='ocrx_word' id='word_1_101' title='bbox 381 1295 498 1350; x_wconf 89' lang='lat' dir='ltr'>Kralj</span> <span class='ocrx_word' id='word_1_102' title='bbox 547 1296 713 1339; x_wconf 89' lang='lat' dir='ltr'>Henrik</span> <span class='ocrx_word' id='word_1_103' title='bbox 753 1296 822 1339; x_wconf 88' lang='lat' dir='ltr'>IV.</span> <span class='ocrx_word' id='word_1_104' title='bbox 865 1298 1010 1351; x_wconf 82' lang='lat' dir='ltr'>potrdi</span> <span class='ocrx_word' id='word_1_105' title='bbox 1055 1299 1182 1340; x_wconf 88' lang='lat' dir='ltr'>vsled</span> <span class='ocrx_word' id='word_1_106' title='bbox 1231 1300 1410 1353; x_wconf 78' lang='lat' dir='ltr'>prosnje</span> <span class='ocrx_word' id='word_1_107' title='bbox 1460 1300 1815 1355; x_wconf 68' lang='lat' dir='ltr'>solnoqraSkeqa</span> <span class='ocrx_word' id='word_1_108' title='bbox 1861 1301 2084 1343; x_wconf 77' lang='lat' dir='ltr'>nadskofa</span> 
     </span>
     <span class='ocr_line' id='line_1_16' title="bbox 238 1367 2083 1426; baseline 0.003 -17"><span class='ocrx_word' id='word_1_109' title='bbox 238 1367 453 1409; x_wconf 87' lang='lat' dir='ltr'>Balduina</span> <span class='ocrx_word' id='word_1_110' title='bbox 486 1368 665 1422; x_wconf 77' lang='lat' dir='ltr'>njeqovi</span> <span class='ocrx_word' id='word_1_111' title='bbox 696 1368 847 1411; x_wconf 86' lang='lat' dir='ltr'>cerkvi</span> <span class='ocrx_word' id='word_1_112' title='bbox 878 1380 1015 1411; x_wconf 85' lang='lat' dir='ltr'>razna</span> <span class='ocrx_word' id='word_1_113' title='bbox 1048 1374 1277 1423; x_wconf 85' lang='lat' dir='ltr'>posestva,</span> <span class='ocrx_word' id='word_1_114' title='bbox 1311 1372 1416 1413; x_wconf 86' lang='lat' dir='ltr'>tako</span> <span class='ocrx_word' id='word_1_115' title='bbox 1449 1384 1478 1413; x_wconf 97' lang='grc' dir='ltr'><strong><em>ν</em></strong></span> <span class='ocrx_word' id='word_1_116' title='bbox 1505 1370 1824 1426; x_wconf 70' lang='lat' dir='ltr'>Ruginesfeldu</span> <span class='ocrx_word' id='word_1_117' title='bbox 1858 1371 1973 1423; x_wconf 86' lang='lat' dir='ltr'>[,‚aa&#39;</span> <span class='ocrx_word' id='word_1_118' title='bbox 1992 1371 2083 1418; x_wconf 77' lang='lat' dir='ltr'>Ru-</span> 
     </span>
     <span class='ocr_line' id='line_1_17' title="bbox 230 1436 2085 1496; baseline 0.003 -16"><span class='ocrx_word' id='word_1_119' title='bbox 230 1436 507 1493; x_wconf 79' lang='lat' dir='ltr'>ginesfeld“]</span> <span class='ocrx_word' id='word_1_120' title='bbox 527 1451 608 1481; x_wconf 93' lang='lat' dir='ltr'>vse</span> <span class='ocrx_word' id='word_1_121' title='bbox 640 1442 700 1485; x_wconf 89' lang='lat' dir='ltr'>to,</span> <span class='ocrx_word' id='word_1_122' title='bbox 735 1440 814 1481; x_wconf 88' lang='lat' dir='ltr'>kar</span> <span class='ocrx_word' id='word_1_123' title='bbox 845 1452 898 1482; x_wconf 89' lang='lat' dir='ltr'>so</span> <span class='ocrx_word' id='word_1_124' title='bbox 933 1440 1171 1494; x_wconf 76' lang='lat' dir='ltr'>nadskofje</span> <span class='ocrx_word' id='word_1_125' title='bbox 1194 1442 1354 1496; x_wconf 88' lang='lat' dir='ltr'>nekdaj</span> <span class='ocrx_word' id='word_1_126' title='bbox 1387 1446 1476 1484; x_wconf 85' lang='lat' dir='ltr'>tam</span> <span class='ocrx_word' id='word_1_127' title='bbox 1499 1443 1627 1492; x_wconf 86' lang='lat' dir='ltr'>imeli,</span> <span class='ocrx_word' id='word_1_128' title='bbox 1662 1445 1812 1496; x_wconf 78' lang='lat' dir='ltr'>potem</span> <span class='ocrx_word' id='word_1_129' title='bbox 1837 1456 1865 1485; x_wconf 97' lang='grc' dir='ltr'><strong><em>ν</em></strong></span> <span class='ocrx_word' id='word_1_130' title='bbox 1886 1442 2085 1486; x_wconf 90' lang='lat' dir='ltr'>Dornovi</span> 
     </span>
     <span class='ocr_line' id='line_1_18' title="bbox 234 1507 2085 1569; baseline 0.003 -18"><span class='ocrx_word' id='word_1_131' title='bbox 234 1507 352 1563; x_wconf 85' lang='lat' dir='ltr'>[‚,ad</span> <span class='ocrx_word' id='word_1_132' title='bbox 387 1510 675 1561; x_wconf 87' lang='lat' dir='ltr'>Turnouua“]</span> <span class='ocrx_word' id='word_1_133' title='bbox 707 1512 883 1563; x_wconf 87' lang='lat' dir='ltr'>cerkev,</span> <span class='ocrx_word' id='word_1_134' title='bbox 931 1512 972 1553; x_wconf 89' lang='lat' dir='ltr'>ki</span> <span class='ocrx_word' id='word_1_135' title='bbox 1004 1513 1044 1566; x_wconf 85' lang='lat' dir='ltr'>je</span> <span class='ocrx_word' id='word_1_136' title='bbox 1079 1517 1336 1566; x_wconf 72' lang='grc' dir='ltr'>003νοὄοηο</span> <span class='ocrx_word' id='word_1_137' title='bbox 1368 1526 1433 1556; x_wconf 90' lang='lat' dir='ltr'>sv.</span> <span class='ocrx_word' id='word_1_138' title='bbox 1455 1513 1649 1567; x_wconf 84' lang='lat' dir='ltr'>Rupertu</span> <span class='ocrx_word' id='word_1_139' title='bbox 1683 1515 1724 1555; x_wconf 90' lang='lat' dir='ltr'>in</span> <span class='ocrx_word' id='word_1_140' title='bbox 1758 1514 1929 1569; x_wconf 74' lang='lat' dir='ltr'>druqim</span> <span class='ocrx_word' id='word_1_141' title='bbox 1963 1518 2085 1557; x_wconf 84' lang='lat' dir='ltr'>svet-</span> 
     </span>
     <span class='ocr_line' id='line_1_19' title="bbox 237 1581 2084 1640; baseline 0.003 -17"><span class='ocrx_word' id='word_1_142' title='bbox 237 1582 399 1632; x_wconf 86' lang='lat' dir='ltr'>nikom,</span> <span class='ocrx_word' id='word_1_143' title='bbox 432 1585 498 1623; x_wconf 85' lang='lat' dir='ltr'>ter</span> <span class='ocrx_word' id='word_1_144' title='bbox 530 1594 641 1637; x_wconf 85' lang='grc' dir='ltr'>9οτ0</span> <span class='ocrx_word' id='word_1_145' title='bbox 679 1581 937 1631; x_wconf 80' lang='lat' dir='ltr'>„Paruuoz“</span> <span class='ocrx_word' id='word_1_146' title='bbox 975 1596 1002 1625; x_wconf 92' lang='grc'>2</span> <span class='ocrx_word' id='word_1_147' title='bbox 1035 1585 1282 1639; x_wconf 72' lang='lat' dir='ltr'>vinogradi,</span> <span class='ocrx_word' id='word_1_148' title='bbox 1316 1586 1517 1636; x_wconf 80' lang='lat' dir='ltr'>travniki,</span> <span class='ocrx_word' id='word_1_149' title='bbox 1552 1586 1687 1640; x_wconf 73' lang='grc'>90201</span> <span class='ocrx_word' id='word_1_150' title='bbox 1720 1587 1762 1627; x_wconf 91' lang='lat' dir='ltr'>in</span> <span class='ocrx_word' id='word_1_151' title='bbox 1796 1586 1966 1640; x_wconf 75' lang='lat' dir='ltr'>druqim</span> <span class='ocrx_word' id='word_1_152' title='bbox 2002 1598 2084 1639; x_wconf 91' lang='grc'>00-</span> 
     </span>
     <span class='ocr_line' id='line_1_20' title="bbox 234 1653 973 1709; baseline 0.003 -14"><span class='ocrx_word' id='word_1_153' title='bbox 234 1655 449 1703; x_wconf 89' lang='lat' dir='ltr'>sestvom,</span> <span class='ocrx_word' id='word_1_154' title='bbox 483 1653 667 1695; x_wconf 66' lang='grc'>10200101</span> <span class='ocrx_word' id='word_1_155' title='bbox 700 1653 820 1696; x_wconf 88' lang='lat' dir='ltr'>okoli</span> <span class='ocrx_word' id='word_1_156' title='bbox 853 1667 973 1709; x_wconf 82' lang='grc' dir='ltr'>9οῑ0.</span> 
     </span>
    </p>

    <p class='ocr_par' dir='ltr' id='par_1_11' title="bbox 226 1729 2086 3423">
     <span class='ocr_line' id='line_1_21' title="bbox 378 1729 2082 1786; baseline 0.003 -15"><span class='ocrx_word' id='word_1_157' title='bbox 378 1729 503 1783; x_wconf 91' lang='lat' dir='ltr'>Dalje</span> <span class='ocrx_word' id='word_1_158' title='bbox 546 1731 691 1784; x_wconf 81' lang='lat' dir='ltr'>potrdi</span> <span class='ocrx_word' id='word_1_159' title='bbox 733 1731 840 1786; x_wconf 87' lang='lat' dir='ltr'>kralj</span> <span class='ocrx_word' id='word_1_160' title='bbox 874 1745 903 1774; x_wconf 95' lang='grc' dir='ltr'><strong><em>ν</em></strong></span> <span class='ocrx_word' id='word_1_161' title='bbox 936 1731 1063 1785; x_wconf 81' lang='lat' dir='ltr'>Dtuju</span> <span class='ocrx_word' id='word_1_162' title='bbox 1109 1733 1272 1775; x_wconf 88' lang='lat' dir='ltr'>cerkev</span> <span class='ocrx_word' id='word_1_163' title='bbox 1303 1746 1330 1774; x_wconf 92' lang='grc'>2</span> <span class='ocrx_word' id='word_1_164' title='bbox 1364 1733 1565 1776; x_wconf 85' lang='lat' dir='ltr'>desetino</span> <span class='ocrx_word' id='word_1_165' title='bbox 1611 1735 1651 1775; x_wconf 88' lang='lat' dir='ltr'>in</span> <span class='ocrx_word' id='word_1_166' title='bbox 1686 1734 1774 1776; x_wconf 87' lang='lat' dir='ltr'>dva</span> <span class='ocrx_word' id='word_1_167' title='bbox 1808 1734 1909 1775; x_wconf 90' lang='lat' dir='ltr'>dela</span> <span class='ocrx_word' id='word_1_168' title='bbox 1941 1737 2082 1776; x_wconf 87' lang='lat' dir='ltr'>mesta</span> 
     </span>
     <span class='ocr_line' id='line_1_22' title="bbox 235 1801 2081 1860; baseline 0.002 -17"><span class='ocrx_word' id='word_1_169' title='bbox 235 1813 258 1843; x_wconf 95' lang='lat' dir='ltr'>s</span> <span class='ocrx_word' id='word_1_170' title='bbox 291 1801 539 1852; x_wconf 88' lang='lat' dir='ltr'>sodstvom,</span> <span class='ocrx_word' id='word_1_171' title='bbox 574 1803 753 1844; x_wconf 82' lang='lat' dir='ltr'>mitnino</span> <span class='ocrx_word' id='word_1_172' title='bbox 787 1804 828 1844; x_wconf 90' lang='lat' dir='ltr'>in</span> <span class='ocrx_word' id='word_1_173' title='bbox 861 1807 1067 1854; x_wconf 89' lang='lat' dir='ltr'>mostom,</span> <span class='ocrx_word' id='word_1_174' title='bbox 1108 1804 1187 1845; x_wconf 90' lang='lat' dir='ltr'>kar</span> <span class='ocrx_word' id='word_1_175' title='bbox 1220 1817 1272 1847; x_wconf 89' lang='lat' dir='ltr'>so</span> <span class='ocrx_word' id='word_1_176' title='bbox 1307 1804 1600 1860; x_wconf 69' lang='lat' dir='ltr'>SolnoqraSki</span> <span class='ocrx_word' id='word_1_177' title='bbox 1632 1805 1781 1847; x_wconf 84' lang='lat' dir='ltr'>cerkvi</span> <span class='ocrx_word' id='word_1_178' title='bbox 1815 1808 1870 1847; x_wconf 76' lang='lat' dir='ltr'>Ze</span> <span class='ocrx_word' id='word_1_179' title='bbox 1902 1806 2081 1860; x_wconf 73' lang='lat' dir='ltr'>njeqovi</span> 
     </span>
     <span class='ocr_line' id='line_1_23' title="bbox 235 1873 2081 1931; baseline 0.003 -18"><span class='ocrx_word' id='word_1_180' title='bbox 235 1873 435 1925; x_wconf 85' lang='lat' dir='ltr'>predniki</span> <span class='ocrx_word' id='word_1_181' title='bbox 469 1873 643 1926; x_wconf 81' lang='lat' dir='ltr'>potrdili</span> <span class='ocrx_word' id='word_1_182' title='bbox 676 1874 717 1915; x_wconf 88' lang='lat' dir='ltr'>in</span> <span class='ocrx_word' id='word_1_183' title='bbox 751 1875 990 1928; x_wconf 84' lang='lat' dir='ltr'>prepustili.</span> <span class='ocrx_word' id='word_1_184' title='bbox 1022 1874 1196 1917; x_wconf 90' lang='lat' dir='ltr'>Zraven</span> <span class='ocrx_word' id='word_1_185' title='bbox 1228 1879 1331 1931; x_wconf 73' lang='lat' dir='ltr'>teqa</span> <span class='ocrx_word' id='word_1_186' title='bbox 1363 1877 1417 1930; x_wconf 91' lang='lat' dir='ltr'>jej</span> <span class='ocrx_word' id='word_1_187' title='bbox 1443 1876 1586 1930; x_wconf 84' lang='lat' dir='ltr'>potrdi</span> <span class='ocrx_word' id='word_1_188' title='bbox 1619 1879 1668 1918; x_wconf 75' lang='lat' dir='ltr'>se</span> <span class='ocrx_word' id='word_1_189' title='bbox 1695 1876 1805 1930; x_wconf 84' lang='lat' dir='ltr'>tretji</span> <span class='ocrx_word' id='word_1_190' title='bbox 1829 1877 1900 1918; x_wconf 91' lang='lat' dir='ltr'>del</span> <span class='ocrx_word' id='word_1_191' title='bbox 1927 1880 2081 1927; x_wconf 86' lang='lat' dir='ltr'>mesta,</span> 
     </span>
     <span class='ocr_line' id='line_1_24' title="bbox 236 1943 2079 2002; baseline 0.003 -18"><span class='ocrx_word' id='word_1_192' title='bbox 236 1943 446 1998; x_wconf 72' lang='lat' dir='ltr'>katereqa</span> <span class='ocrx_word' id='word_1_193' title='bbox 477 1944 518 1997; x_wconf 93' lang='grc'>10</span> <span class='ocrx_word' id='word_1_194' title='bbox 551 1945 710 1999; x_wconf 87' lang='lat' dir='ltr'>nekdaj</span> <span class='ocrx_word' id='word_1_195' title='bbox 744 1946 844 1988; x_wconf 89' lang='lat' dir='ltr'>imel</span> <span class='ocrx_word' id='word_1_196' title='bbox 878 1959 906 1988; x_wconf 99' lang='grc' dir='ltr'><strong><em>ν</em></strong></span> <span class='ocrx_word' id='word_1_197' title='bbox 938 1948 1053 2001; x_wconf 88' lang='lat' dir='ltr'>svoji</span> <span class='ocrx_word' id='word_1_198' title='bbox 1085 1947 1183 1989; x_wconf 88' lang='lat' dir='ltr'>lasti</span> <span class='ocrx_word' id='word_1_199' title='bbox 1215 1948 1317 1989; x_wconf 88' lang='lat' dir='ltr'>neki</span> <span class='ocrx_word' id='word_1_200' title='bbox 1350 1947 1640 1998; x_wconf 85' lang='lat' dir='ltr'>Karantanec,</span> <span class='ocrx_word' id='word_1_201' title='bbox 1675 1948 1718 1989; x_wconf 88' lang='lat' dir='ltr'>ki</span> <span class='ocrx_word' id='word_1_202' title='bbox 1749 1948 1790 2001; x_wconf 92' lang='lat' dir='ltr'>je</span> <span class='ocrx_word' id='word_1_203' title='bbox 1823 1959 1881 2002; x_wconf 82' lang='lat' dir='ltr'>pa</span> <span class='ocrx_word' id='word_1_204' title='bbox 1914 1948 2079 2002; x_wconf 73' lang='lat' dir='ltr'>izqubil</span> 
     </span>
     <span class='ocr_line' id='line_1_25' title="bbox 235 2014 2082 2073; baseline 0.003 -18"><span class='ocrx_word' id='word_1_205' title='bbox 235 2014 362 2067; x_wconf 86' lang='lat' dir='ltr'>svoje</span> <span class='ocrx_word' id='word_1_206' title='bbox 406 2015 565 2068; x_wconf 85' lang='lat' dir='ltr'>imetje,</span> <span class='ocrx_word' id='word_1_207' title='bbox 611 2016 689 2058; x_wconf 87' lang='lat' dir='ltr'>ker</span> <span class='ocrx_word' id='word_1_208' title='bbox 728 2016 770 2070; x_wconf 89' lang='grc'>10</span> <span class='ocrx_word' id='word_1_209' title='bbox 813 2017 870 2058; x_wconf 92' lang='grc'>011</span> <span class='ocrx_word' id='word_1_210' title='bbox 913 2018 1050 2060; x_wconf 82' lang='lat' dir='ltr'>zarad</span> <span class='ocrx_word' id='word_1_211' title='bbox 1089 2019 1335 2073; x_wconf 85' lang='lat' dir='ltr'>veleizdaje</span> <span class='ocrx_word' id='word_1_212' title='bbox 1379 2019 1579 2072; x_wconf 89' lang='lat' dir='ltr'>obsojen.</span> <span class='ocrx_word' id='word_1_213' title='bbox 1624 2018 1802 2061; x_wconf 85' lang='lat' dir='ltr'>Izvzeta</span> <span class='ocrx_word' id='word_1_214' title='bbox 1837 2031 1889 2061; x_wconf 91' lang='lat' dir='ltr'>so</span> <span class='ocrx_word' id='word_1_215' title='bbox 1923 2019 2082 2061; x_wconf 91' lang='grc'>011010</span> 
     </span>
     <span class='ocr_line' id='line_1_26' title="bbox 234 2085 2081 2145; baseline 0.003 -19"><span class='ocrx_word' id='word_1_216' title='bbox 234 2085 335 2127; x_wconf 82' lang='lat' dir='ltr'>tista</span> <span class='ocrx_word' id='word_1_217' title='bbox 367 2089 595 2139; x_wconf 85' lang='lat' dir='ltr'>posestva,</span> <span class='ocrx_word' id='word_1_218' title='bbox 642 2087 795 2130; x_wconf 88' lang='lat' dir='ltr'>katera</span> <span class='ocrx_word' id='word_1_219' title='bbox 825 2088 866 2141; x_wconf 92' lang='lat' dir='ltr'>je</span> <span class='ocrx_word' id='word_1_220' title='bbox 900 2089 1049 2131; x_wconf 85' lang='lat' dir='ltr'>dobila</span> <span class='ocrx_word' id='word_1_221' title='bbox 1082 2090 1276 2145; x_wconf 73' lang='lat' dir='ltr'>njeqova</span> <span class='ocrx_word' id='word_1_222' title='bbox 1309 2087 1678 2143; x_wconf 64' lang='lat' dir='ltr'>(Karantanceva)</span> <span class='ocrx_word' id='word_1_223' title='bbox 1711 2102 1922 2145; x_wconf 73' lang='lat' dir='ltr'>soproqa,</span> <span class='ocrx_word' id='word_1_224' title='bbox 1956 2102 2081 2132; x_wconf 84' lang='lat' dir='ltr'>narn-</span> 
     </span>
     <span class='ocr_line' id='line_1_27' title="bbox 234 2156 2081 2216; baseline 0.003 -19"><span class='ocrx_word' id='word_1_225' title='bbox 234 2159 308 2198; x_wconf 64' lang='lat' dir='ltr'>rec</span> <span class='ocrx_word' id='word_1_226' title='bbox 350 2156 463 2199; x_wconf 91' lang='lat' dir='ltr'>dvor</span> <span class='ocrx_word' id='word_1_227' title='bbox 495 2170 524 2199; x_wconf 97' lang='grc' dir='ltr'><strong><em>ν</em></strong></span> <span class='ocrx_word' id='word_1_228' title='bbox 555 2158 808 2201; x_wconf 87' lang='lat' dir='ltr'>vzhodnem</span> <span class='ocrx_word' id='word_1_229' title='bbox 852 2160 908 2201; x_wconf 92' lang='lat' dir='ltr'>ali</span> <span class='ocrx_word' id='word_1_230' title='bbox 953 2161 1179 2215; x_wconf 75' lang='lat' dir='ltr'>qorenJem</span> <span class='ocrx_word' id='word_1_231' title='bbox 1213 2161 1315 2203; x_wconf 90' lang='lat' dir='ltr'>delu</span> <span class='ocrx_word' id='word_1_232' title='bbox 1354 2165 1508 2211; x_wconf 86' lang='lat' dir='ltr'>mesta,</span> <span class='ocrx_word' id='word_1_233' title='bbox 1556 2162 1648 2216; x_wconf 69' lang='lat' dir='ltr'>RJer</span> <span class='ocrx_word' id='word_1_234' title='bbox 1681 2174 1734 2203; x_wconf 91' lang='lat' dir='ltr'>so</span> <span class='ocrx_word' id='word_1_235' title='bbox 1767 2162 1916 2214; x_wconf 68' lang='lat' dir='ltr'>priceli</span> <span class='ocrx_word' id='word_1_236' title='bbox 1950 2161 2081 2204; x_wconf 90' lang='lat' dir='ltr'>delati</span> 
     </span>
     <span class='ocr_line' id='line_1_28' title="bbox 234 2229 2080 2286; baseline 0.003 -17"><span class='ocrx_word' id='word_1_237' title='bbox 234 2239 355 2270; x_wconf 89' lang='lat' dir='ltr'>novo</span> <span class='ocrx_word' id='word_1_238' title='bbox 387 2229 564 2280; x_wconf 89' lang='lat' dir='ltr'>cerkev,</span> <span class='ocrx_word' id='word_1_239' title='bbox 598 2242 627 2272; x_wconf 95' lang='grc' dir='ltr'><strong><em>ν</em></strong></span> <span class='ocrx_word' id='word_1_240' title='bbox 659 2230 879 2283; x_wconf 87' lang='lat' dir='ltr'>dolenjem</span> <span class='ocrx_word' id='word_1_241' title='bbox 913 2232 968 2273; x_wconf 89' lang='lat' dir='ltr'>ali</span> <span class='ocrx_word' id='word_1_242' title='bbox 1001 2232 1251 2286; x_wconf 84' lang='lat' dir='ltr'>zapadnem</span> <span class='ocrx_word' id='word_1_243' title='bbox 1274 2232 1375 2274; x_wconf 89' lang='lat' dir='ltr'>delu</span> <span class='ocrx_word' id='word_1_244' title='bbox 1399 2236 1540 2275; x_wconf 88' lang='lat' dir='ltr'>mesta</span> <span class='ocrx_word' id='word_1_245' title='bbox 1563 2245 1621 2286; x_wconf 86' lang='lat' dir='ltr'>pa</span> <span class='ocrx_word' id='word_1_246' title='bbox 1644 2234 1731 2275; x_wconf 86' lang='lat' dir='ltr'>tisti</span> <span class='ocrx_word' id='word_1_247' title='bbox 1755 2233 1896 2283; x_wconf 88' lang='lat' dir='ltr'>dvori,</span> <span class='ocrx_word' id='word_1_248' title='bbox 1931 2235 2080 2274; x_wconf 83' lang='lat' dir='ltr'>katere</span> 
     </span>
     <span class='ocr_line' id='line_1_29' title="bbox 235 2299 2082 2359; baseline 0.003 -19"><span class='ocrx_word' id='word_1_249' title='bbox 235 2299 277 2352; x_wconf 93' lang='lat' dir='ltr'>je</span> <span class='ocrx_word' id='word_1_250' title='bbox 302 2299 446 2341; x_wconf 88' lang='lat' dir='ltr'>takrat</span> <span class='ocrx_word' id='word_1_251' title='bbox 472 2301 600 2342; x_wconf 91' lang='lat' dir='ltr'>imela</span> <span class='ocrx_word' id='word_1_252' title='bbox 628 2313 657 2342; x_wconf 97' lang='grc' dir='ltr'><strong><em>ν</em></strong></span> <span class='ocrx_word' id='word_1_253' title='bbox 677 2302 792 2356; x_wconf 89' lang='lat' dir='ltr'>svoji</span> <span class='ocrx_word' id='word_1_254' title='bbox 814 2302 925 2353; x_wconf 87' lang='lat' dir='ltr'>lasti,</span> <span class='ocrx_word' id='word_1_255' title='bbox 955 2315 978 2345; x_wconf 91' lang='lat' dir='ltr'>s</span> <span class='ocrx_word' id='word_1_256' title='bbox 1001 2307 1071 2346; x_wconf 90' lang='lat' dir='ltr'>sto</span> <span class='ocrx_word' id='word_1_257' title='bbox 1093 2304 1329 2358; x_wconf 85' lang='lat' dir='ltr'>kmetijami</span> <span class='ocrx_word' id='word_1_258' title='bbox 1353 2305 1394 2345; x_wconf 89' lang='lat' dir='ltr'>in</span> <span class='ocrx_word' id='word_1_259' title='bbox 1423 2304 1624 2346; x_wconf 88' lang='lat' dir='ltr'>desetimi</span> <span class='ocrx_word' id='word_1_260' title='bbox 1647 2304 1892 2359; x_wconf 70' lang='lat' dir='ltr'>vinogradi.</span> <span class='ocrx_word' id='word_1_261' title='bbox 1927 2303 2082 2346; x_wconf 83' lang='lat' dir='ltr'>Dotem</span> 
     </span>
     <span class='ocr_line' id='line_1_30' title="bbox 233 2370 2078 2428; baseline 0.002 -15"><span class='ocrx_word' id='word_1_262' title='bbox 233 2370 380 2423; x_wconf 79' lang='lat' dir='ltr'>potrdi</span> <span class='ocrx_word' id='word_1_263' title='bbox 413 2371 519 2425; x_wconf 88' lang='lat' dir='ltr'>kralj</span> <span class='ocrx_word' id='word_1_264' title='bbox 555 2370 848 2427; x_wconf 74' lang='lat' dir='ltr'>Solnoqraski</span> <span class='ocrx_word' id='word_1_265' title='bbox 881 2374 1031 2416; x_wconf 91' lang='lat' dir='ltr'>cerkvi</span> <span class='ocrx_word' id='word_1_266' title='bbox 1065 2375 1226 2428; x_wconf 89' lang='lat' dir='ltr'>zemljo</span> <span class='ocrx_word' id='word_1_267' title='bbox 1259 2387 1288 2416; x_wconf 99' lang='grc' dir='ltr'><strong><em>ν</em></strong></span> <span class='ocrx_word' id='word_1_268' title='bbox 1322 2374 1664 2426; x_wconf 83' lang='lat' dir='ltr'>Cistanesfeldu,</span> <span class='ocrx_word' id='word_1_269' title='bbox 1710 2376 1862 2417; x_wconf 85' lang='lat' dir='ltr'>katera</span> <span class='ocrx_word' id='word_1_270' title='bbox 1896 2387 1945 2417; x_wconf 92' lang='lat' dir='ltr'>se</span> <span class='ocrx_word' id='word_1_271' title='bbox 1978 2387 2078 2416; x_wconf 89' lang='lat' dir='ltr'>raz-</span> 
     </span>
     <span class='ocr_line' id='line_1_31' title="bbox 236 2442 2079 2501; baseline 0.003 -19"><span class='ocrx_word' id='word_1_272' title='bbox 236 2442 423 2493; x_wconf 79' lang='lat' dir='ltr'>prostira</span> <span class='ocrx_word' id='word_1_273' title='bbox 467 2442 525 2483; x_wconf 93' lang='lat' dir='ltr'>od</span> <span class='ocrx_word' id='word_1_274' title='bbox 571 2442 688 2484; x_wconf 88' lang='lat' dir='ltr'>dveh</span> <span class='ocrx_word' id='word_1_275' title='bbox 732 2445 1027 2498; x_wconf 82' lang='lat' dir='ltr'>postavljenih</span> <span class='ocrx_word' id='word_1_276' title='bbox 1067 2446 1221 2501; x_wconf 87' lang='lat' dir='ltr'>kupov</span> <span class='ocrx_word' id='word_1_277' title='bbox 1253 2446 1370 2488; x_wconf 89' lang='lat' dir='ltr'>blizu</span> <span class='ocrx_word' id='word_1_278' title='bbox 1405 2445 1553 2488; x_wconf 90' lang='lat' dir='ltr'>Drave</span> <span class='ocrx_word' id='word_1_279' title='bbox 1586 2447 1628 2488; x_wconf 89' lang='lat' dir='ltr'>in</span> <span class='ocrx_word' id='word_1_280' title='bbox 1658 2447 1716 2489; x_wconf 91' lang='lat' dir='ltr'>od</span> <span class='ocrx_word' id='word_1_281' title='bbox 1750 2447 1893 2500; x_wconf 88' lang='lat' dir='ltr'>mejne</span> <span class='ocrx_word' id='word_1_282' title='bbox 1925 2447 2079 2495; x_wconf 76' lang='lat' dir='ltr'>visine,</span> 
     </span>
     <span class='ocr_line' id='line_1_32' title="bbox 236 2512 2086 2571; baseline 0.004 -19"><span class='ocrx_word' id='word_1_283' title='bbox 236 2512 278 2553; x_wconf 86' lang='lat' dir='ltr'>ki</span> <span class='ocrx_word' id='word_1_284' title='bbox 323 2524 373 2554; x_wconf 91' lang='lat' dir='ltr'>se</span> <span class='ocrx_word' id='word_1_285' title='bbox 415 2524 531 2554; x_wconf 89' lang='lat' dir='ltr'>zove</span> <span class='ocrx_word' id='word_1_286' title='bbox 578 2512 708 2568; x_wconf 72' lang='lat' dir='ltr'>Breg,</span> <span class='ocrx_word' id='word_1_287' title='bbox 751 2526 810 2568; x_wconf 93' lang='grc'>00</span> <span class='ocrx_word' id='word_1_288' title='bbox 853 2514 1075 2570; x_wconf 69' lang='grc' dir='ltr'>130οῑ0210</span> <span class='ocrx_word' id='word_1_289' title='bbox 1110 2517 1168 2559; x_wconf 94' lang='lat' dir='ltr'>do</span> <span class='ocrx_word' id='word_1_290' title='bbox 1201 2517 1333 2559; x_wconf 89' lang='lat' dir='ltr'>izliva</span> <span class='ocrx_word' id='word_1_291' title='bbox 1368 2516 1576 2571; x_wconf 90' lang='lat' dir='ltr'>Dravinje</span> <span class='ocrx_word' id='word_1_292' title='bbox 1610 2530 1638 2559; x_wconf 96' lang='grc' dir='ltr'><strong><em>ν</em></strong></span> <span class='ocrx_word' id='word_1_293' title='bbox 1672 2517 1835 2560; x_wconf 85' lang='lat' dir='ltr'>Dravo.</span> <span class='ocrx_word' id='word_1_294' title='bbox 1879 2517 1969 2570; x_wconf 91' lang='lat'><em>[‚,..</em></span> <span class='ocrx_word' id='word_1_295' title='bbox 1992 2552 2000 2560; x_wconf 88' lang='lat'><strong><em>.</em></strong></span> <span class='ocrx_word' id='word_1_296' title='bbox 2024 2517 2086 2560; x_wconf 81' lang='lat' dir='ltr'>ad</span> 
     </span>
     <span class='ocr_line' id='line_1_33' title="bbox 233 2579 2079 2644; baseline 0.004 -20"><span class='ocrx_word' id='word_1_297' title='bbox 233 2579 465 2626; x_wconf 81' lang='lat' dir='ltr'>Petouiam</span> <span class='ocrx_word' id='word_1_298' title='bbox 507 2584 735 2644; x_wconf 75' lang='lat' dir='ltr'>ecclesiam</span> <span class='ocrx_word' id='word_1_299' title='bbox 780 2597 875 2628; x_wconf 89' lang='lat' dir='ltr'>cum</span> <span class='ocrx_word' id='word_1_300' title='bbox 921 2586 1091 2630; x_wconf 73' lang='lat' dir='ltr'>decIma</span> <span class='ocrx_word' id='word_1_301' title='bbox 1131 2594 1174 2630; x_wconf 89' lang='lat' dir='ltr'>et</span> <span class='ocrx_word' id='word_1_302' title='bbox 1217 2587 1330 2631; x_wconf 84' lang='lat' dir='ltr'>duas</span> <span class='ocrx_word' id='word_1_303' title='bbox 1365 2591 1518 2642; x_wconf 87' lang='lat' dir='ltr'>partes</span> <span class='ocrx_word' id='word_1_304' title='bbox 1559 2589 1748 2631; x_wconf 89' lang='lat' dir='ltr'>civitatis</span> <span class='ocrx_word' id='word_1_305' title='bbox 1780 2601 1875 2632; x_wconf 90' lang='lat' dir='ltr'>cum</span> <span class='ocrx_word' id='word_1_306' title='bbox 1910 2588 2079 2636; x_wconf 86' lang='lat' dir='ltr'>bannis,</span> 
     </span>
     <span class='ocr_line' id='line_1_34' title="bbox 236 2654 2081 2719; baseline 0.003 -22"><span class='ocrx_word' id='word_1_307' title='bbox 236 2654 445 2698; x_wconf 81' lang='lat' dir='ltr'>theloneis</span> <span class='ocrx_word' id='word_1_308' title='bbox 477 2658 520 2698; x_wconf 93' lang='lat' dir='ltr'>et</span> <span class='ocrx_word' id='word_1_309' title='bbox 543 2658 691 2710; x_wconf 87' lang='lat' dir='ltr'>ponte,</span> <span class='ocrx_word' id='word_1_310' title='bbox 726 2668 810 2719; x_wconf 75' lang='lat' dir='ltr'>que</span> <span class='ocrx_word' id='word_1_311' title='bbox 841 2658 1192 2701; x_wconf 82' lang='lat' dir='ltr'>antecessoribus</span> <span class='ocrx_word' id='word_1_312' title='bbox 1223 2660 1385 2702; x_wconf 87' lang='lat' dir='ltr'>nostris</span> <span class='ocrx_word' id='word_1_313' title='bbox 1417 2659 1781 2715; x_wconf 78' lang='lat' dir='ltr'>confirmantibus</span> <span class='ocrx_word' id='word_1_314' title='bbox 1813 2660 1886 2703; x_wconf 79' lang='lat' dir='ltr'>illo</span> <span class='ocrx_word' id='word_1_315' title='bbox 1920 2659 2081 2702; x_wconf 87' lang='lat' dir='ltr'>tradita</span> 
     </span>
     <span class='ocr_line' id='line_1_35' title="bbox 235 2727 2085 2790; baseline 0.003 -22"><span class='ocrx_word' id='word_1_316' title='bbox 235 2729 371 2774; x_wconf 85' lang='lat' dir='ltr'>erant,</span> <span class='ocrx_word' id='word_1_317' title='bbox 401 2729 443 2769; x_wconf 88' lang='lat' dir='ltr'>et</span> <span class='ocrx_word' id='word_1_318' title='bbox 473 2727 651 2782; x_wconf 87' lang='lat' dir='ltr'>insuper</span> <span class='ocrx_word' id='word_1_319' title='bbox 681 2729 851 2771; x_wconf 91' lang='lat' dir='ltr'>tertiam</span> <span class='ocrx_word' id='word_1_320' title='bbox 879 2731 1052 2783; x_wconf 88' lang='lat' dir='ltr'>partem</span> <span class='ocrx_word' id='word_1_321' title='bbox 1086 2730 1286 2778; x_wconf 89' lang='lat' dir='ltr'>civitatis,</span> <span class='ocrx_word' id='word_1_322' title='bbox 1322 2742 1406 2790; x_wconf 75' lang='lat' dir='ltr'>que</span> <span class='ocrx_word' id='word_1_323' title='bbox 1431 2732 1684 2786; x_wconf 80' lang='lat' dir='ltr'>proprietas</span> <span class='ocrx_word' id='word_1_324' title='bbox 1711 2729 1807 2784; x_wconf 90' lang='lat' dir='ltr'>suit</span> <span class='ocrx_word' id='word_1_325' title='bbox 1839 2730 2085 2775; x_wconf 90' lang='lat' dir='ltr'>Carantani</span> 
     </span>
     <span class='ocr_line' id='line_1_36' title="bbox 237 2797 2079 2855; baseline 0.003 -15"><span class='ocrx_word' id='word_1_326' title='bbox 237 2798 360 2851; x_wconf 75' lang='lat' dir='ltr'>eique</span> <span class='ocrx_word' id='word_1_327' title='bbox 391 2797 673 2842; x_wconf 83' lang='lat' dir='ltr'>diiudicatum</span> <span class='ocrx_word' id='word_1_328' title='bbox 707 2804 812 2847; x_wconf 83' lang='lat' dir='ltr'>erat,</span> <span class='ocrx_word' id='word_1_329' title='bbox 846 2800 898 2843; x_wconf 78' lang='lat' dir='ltr'>eo</span> <span class='ocrx_word' id='word_1_330' title='bbox 930 2799 1050 2855; x_wconf 83' lang='lat' dir='ltr'>quod</span> <span class='ocrx_word' id='word_1_331' title='bbox 1078 2813 1178 2844; x_wconf 91' lang='lat' dir='ltr'>reus</span> <span class='ocrx_word' id='word_1_332' title='bbox 1208 2803 1454 2845; x_wconf 88' lang='lat' dir='ltr'>maiestatis</span> <span class='ocrx_word' id='word_1_333' title='bbox 1486 2803 1738 2845; x_wconf 84' lang='lat' dir='ltr'>criminatus</span> <span class='ocrx_word' id='word_1_334' title='bbox 1771 2805 1837 2845; x_wconf 89' lang='lat' dir='ltr'>est</span> <span class='ocrx_word' id='word_1_335' title='bbox 1867 2805 2079 2850; x_wconf 81' lang='lat' dir='ltr'>constare,</span> 
     </span>
     <span class='ocr_line' id='line_1_37' title="bbox 234 2868 2085 2934; baseline 0.003 -23"><span class='ocrx_word' id='word_1_336' title='bbox 234 2869 430 2923; x_wconf 89' lang='lat' dir='ltr'>exceptis</span> <span class='ocrx_word' id='word_1_337' title='bbox 460 2868 546 2912; x_wconf 87' lang='lat' dir='ltr'>illis</span> <span class='ocrx_word' id='word_1_338' title='bbox 577 2870 719 2918; x_wconf 88' lang='lat' dir='ltr'>rebus,</span> <span class='ocrx_word' id='word_1_339' title='bbox 759 2882 843 2934; x_wconf 73' lang='lat' dir='ltr'>que</span> <span class='ocrx_word' id='word_1_340' title='bbox 884 2883 963 2933; x_wconf 73' lang='lat' dir='ltr'>sue</span> <span class='ocrx_word' id='word_1_341' title='bbox 988 2873 1117 2916; x_wconf 86' lang='lat' dir='ltr'>uxori</span> <span class='ocrx_word' id='word_1_342' title='bbox 1140 2884 1345 2934; x_wconf 73' lang='lat' dir='ltr'>concesse</span> <span class='ocrx_word' id='word_1_343' title='bbox 1379 2874 1574 2928; x_wconf 86' lang='lat' dir='ltr'>fuerunt,</span> <span class='ocrx_word' id='word_1_344' title='bbox 1621 2873 1669 2916; x_wconf 83' lang='lat' dir='ltr'>id</span> <span class='ocrx_word' id='word_1_345' title='bbox 1698 2876 1764 2916; x_wconf 90' lang='lat' dir='ltr'>est</span> <span class='ocrx_word' id='word_1_346' title='bbox 1794 2874 1836 2916; x_wconf 88' lang='lat' dir='ltr'>in</span> <span class='ocrx_word' id='word_1_347' title='bbox 1869 2874 2085 2928; x_wconf 86' lang='lat' dir='ltr'>superiori</span> 
     </span>
     <span class='ocr_line' id='line_1_38' title="bbox 234 2940 2079 3005; baseline 0.003 -23"><span class='ocrx_word' id='word_1_348' title='bbox 234 2940 411 2983; x_wconf 89' lang='lat' dir='ltr'>civitate</span> <span class='ocrx_word' id='word_1_349' title='bbox 443 2941 485 2983; x_wconf 90' lang='lat' dir='ltr'>in</span> <span class='ocrx_word' id='word_1_350' title='bbox 518 2942 723 2985; x_wconf 71' lang='lat' dir='ltr'>orientali</span> <span class='ocrx_word' id='word_1_351' title='bbox 740 2946 872 2997; x_wconf 90' lang='lat' dir='ltr'>parte</span> <span class='ocrx_word' id='word_1_352' title='bbox 903 2944 1093 2987; x_wconf 88' lang='lat' dir='ltr'>civitatis</span> <span class='ocrx_word' id='word_1_353' title='bbox 1125 2946 1319 2988; x_wconf 88' lang='lat' dir='ltr'>curtilem</span> <span class='ocrx_word' id='word_1_354' title='bbox 1353 2946 1507 2993; x_wconf 88' lang='lat' dir='ltr'>locum,</span> <span class='ocrx_word' id='word_1_355' title='bbox 1542 2945 1619 2987; x_wconf 89' lang='lat' dir='ltr'>ubi</span> <span class='ocrx_word' id='word_1_356' title='bbox 1648 2957 1762 2987; x_wconf 88' lang='lat' dir='ltr'>nova</span> <span class='ocrx_word' id='word_1_357' title='bbox 1796 2944 1979 3005; x_wconf 75' lang='lat' dir='ltr'>ecclesia</span> <span class='ocrx_word' id='word_1_358' title='bbox 2013 2946 2079 2987; x_wconf 90' lang='lat' dir='ltr'>in-</span> 
     </span>
     <span class='ocr_line' id='line_1_39' title="bbox 234 3009 2082 3071; baseline 0.003 -18"><span class='ocrx_word' id='word_1_359' title='bbox 234 3014 362 3066; x_wconf 88' lang='lat' dir='ltr'>cepta</span> <span class='ocrx_word' id='word_1_360' title='bbox 394 3014 472 3059; x_wconf 89' lang='lat' dir='ltr'>est,</span> <span class='ocrx_word' id='word_1_361' title='bbox 506 3015 639 3066; x_wconf 81' lang='lat' dir='ltr'>atque</span> <span class='ocrx_word' id='word_1_362' title='bbox 669 3009 752 3067; x_wconf 74' lang='lat' dir='ltr'>(In)</span> <span class='ocrx_word' id='word_1_363' title='bbox 783 3014 982 3069; x_wconf 87' lang='lat' dir='ltr'>inferiori</span> <span class='ocrx_word' id='word_1_364' title='bbox 1011 3016 1185 3059; x_wconf 85' lang='lat' dir='ltr'>civitate</span> <span class='ocrx_word' id='word_1_365' title='bbox 1217 3017 1259 3060; x_wconf 89' lang='lat' dir='ltr'>in</span> <span class='ocrx_word' id='word_1_366' title='bbox 1291 3016 1554 3060; x_wconf 83' lang='lat' dir='ltr'>occidentali</span> <span class='ocrx_word' id='word_1_367' title='bbox 1578 3019 1709 3071; x_wconf 87' lang='lat' dir='ltr'>parte</span> <span class='ocrx_word' id='word_1_368' title='bbox 1735 3016 1922 3059; x_wconf 89' lang='lat' dir='ltr'>civitatis</span> <span class='ocrx_word' id='word_1_369' title='bbox 1944 3017 2082 3071; x_wconf 90' lang='lat' dir='ltr'>ipsius</span> 
     </span>
     <span class='ocr_line' id='line_1_40' title="bbox 232 3082 2086 3145; baseline 0.003 -22"><span class='ocrx_word' id='word_1_370' title='bbox 232 3082 311 3124; x_wconf 90' lang='lat' dir='ltr'>illa</span> <span class='ocrx_word' id='word_1_371' title='bbox 353 3082 524 3125; x_wconf 87' lang='lat' dir='ltr'>curtilia</span> <span class='ocrx_word' id='word_1_372' title='bbox 556 3082 666 3132; x_wconf 92' lang='lat' dir='ltr'>loca,</span> <span class='ocrx_word' id='word_1_373' title='bbox 709 3095 792 3145; x_wconf 76' lang='lat' dir='ltr'>que</span> <span class='ocrx_word' id='word_1_374' title='bbox 824 3087 924 3128; x_wconf 91' lang='lat' dir='ltr'>tunc</span> <span class='ocrx_word' id='word_1_375' title='bbox 957 3086 999 3128; x_wconf 88' lang='lat' dir='ltr'>in</span> <span class='ocrx_word' id='word_1_376' title='bbox 1026 3089 1250 3141; x_wconf 83' lang='lat' dir='ltr'>potestate</span> <span class='ocrx_word' id='word_1_377' title='bbox 1281 3087 1445 3135; x_wconf 79' lang='lat' dir='ltr'>habuit,</span> <span class='ocrx_word' id='word_1_378' title='bbox 1481 3099 1575 3130; x_wconf 91' lang='lat' dir='ltr'>cum</span> <span class='ocrx_word' id='word_1_379' title='bbox 1603 3086 1729 3129; x_wconf 78' lang='lat' dir='ltr'>hobis</span> <span class='ocrx_word' id='word_1_380' title='bbox 1755 3085 1793 3130; x_wconf 93' lang='lat' dir='ltr'><em>C</em></span> <span class='ocrx_word' id='word_1_381' title='bbox 1822 3090 1865 3130; x_wconf 91' lang='lat' dir='ltr'>et</span> <span class='ocrx_word' id='word_1_382' title='bbox 1883 3088 2019 3130; x_wconf 88' lang='lat' dir='ltr'>vineis</span> <span class='ocrx_word' id='word_1_383' title='bbox 2038 3086 2086 3128; x_wconf 89' lang='lat' dir='ltr'><em>X</em></span> 
     </span>
     <span class='ocr_line' id='line_1_41' title="bbox 233 3150 2080 3212; baseline 0.004 -18"><span class='ocrx_word' id='word_1_384' title='bbox 233 3153 278 3195; x_wconf 87' lang='lat' dir='ltr'>in</span> <span class='ocrx_word' id='word_1_385' title='bbox 328 3150 630 3208; x_wconf 86' lang='lat' dir='ltr'>Cistanesfeld</span> <span class='ocrx_word' id='word_1_386' title='bbox 661 3155 901 3210; x_wconf 88' lang='lat' dir='ltr'>firmamus</span> <span class='ocrx_word' id='word_1_387' title='bbox 943 3157 1005 3199; x_wconf 85' lang='lat' dir='ltr'>ad</span> <span class='ocrx_word' id='word_1_388' title='bbox 1040 3158 1263 3212; x_wconf 90' lang='lat' dir='ltr'>prefatum</span> <span class='ocrx_word' id='word_1_389' title='bbox 1309 3159 1621 3201; x_wconf 89' lang='lat' dir='ltr'>monasterium</span> <span class='ocrx_word' id='word_1_390' title='bbox 1665 3159 1777 3200; x_wconf 90' lang='lat' dir='ltr'>sicut</span> <span class='ocrx_word' id='word_1_391' title='bbox 1818 3159 1967 3201; x_wconf 90' lang='lat' dir='ltr'>acervi</span> <span class='ocrx_word' id='word_1_392' title='bbox 1995 3158 2080 3202; x_wconf 86' lang='lat' dir='ltr'>duo</span> 
     </span>
     <span class='ocr_line' id='line_1_42' title="bbox 228 3225 2078 3284; baseline 0.003 -18"><span class='ocrx_word' id='word_1_393' title='bbox 228 3235 370 3279; x_wconf 88' lang='lat' dir='ltr'>prope</span> <span class='ocrx_word' id='word_1_394' title='bbox 407 3225 596 3267; x_wconf 90' lang='lat' dir='ltr'>Trauum</span> <span class='ocrx_word' id='word_1_395' title='bbox 629 3227 768 3280; x_wconf 90' lang='lat' dir='ltr'>positi</span> <span class='ocrx_word' id='word_1_396' title='bbox 796 3230 900 3270; x_wconf 91' lang='lat' dir='ltr'>sunt</span> <span class='ocrx_word' id='word_1_397' title='bbox 930 3239 983 3271; x_wconf 90' lang='lat' dir='ltr'>ex</span> <span class='ocrx_word' id='word_1_398' title='bbox 1013 3229 1263 3272; x_wconf 89' lang='lat' dir='ltr'>summitate</span> <span class='ocrx_word' id='word_1_399' title='bbox 1294 3229 1532 3284; x_wconf 89' lang='lat' dir='ltr'>superioris</span> <span class='ocrx_word' id='word_1_400' title='bbox 1565 3232 1608 3271; x_wconf 91' lang='lat' dir='ltr'>et</span> <span class='ocrx_word' id='word_1_401' title='bbox 1638 3230 1864 3272; x_wconf 87' lang='lat' dir='ltr'>exterioris</span> <span class='ocrx_word' id='word_1_402' title='bbox 1898 3230 2078 3277; x_wconf 80' lang='lat' dir='ltr'>termini,</span> 
     </span>
     <span class='ocr_line' id='line_1_43' title="bbox 232 3295 2080 3355; baseline 0.003 -18"><span class='ocrx_word' id='word_1_403' title='bbox 232 3295 312 3348; x_wconf 82' lang='lat' dir='ltr'>qui</span> <span class='ocrx_word' id='word_1_404' title='bbox 352 3297 548 3351; x_wconf 83' lang='lat' dir='ltr'>wagreni</span> <span class='ocrx_word' id='word_1_405' title='bbox 587 3295 754 3348; x_wconf 81' lang='lat' dir='ltr'>dicitur,</span> <span class='ocrx_word' id='word_1_406' title='bbox 797 3301 840 3341; x_wconf 91' lang='lat' dir='ltr'>et</span> <span class='ocrx_word' id='word_1_407' title='bbox 877 3299 991 3342; x_wconf 90' lang='lat' dir='ltr'>sicut</span> <span class='ocrx_word' id='word_1_408' title='bbox 1030 3299 1101 3342; x_wconf 91' lang='lat' dir='ltr'>ille</span> <span class='ocrx_word' id='word_1_409' title='bbox 1143 3301 1338 3355; x_wconf 83' lang='lat' dir='ltr'>wagreni</span> <span class='ocrx_word' id='word_1_410' title='bbox 1377 3299 1514 3343; x_wconf 86' lang='lat' dir='ltr'>tendit</span> <span class='ocrx_word' id='word_1_411' title='bbox 1550 3311 1687 3353; x_wconf 81' lang='lat' dir='ltr'>usque</span> <span class='ocrx_word' id='word_1_412' title='bbox 1725 3299 1826 3343; x_wconf 83' lang='lat' dir='ltr'>dum</span> <span class='ocrx_word' id='word_1_413' title='bbox 1866 3301 2080 3343; x_wconf 88' lang='lat' dir='ltr'>Treuuina</span> 
     </span>
     <span class='ocr_line' id='line_1_44' title="bbox 226 3366 908 3423; baseline 0.006 -15"><span class='ocrx_word' id='word_1_414' title='bbox 226 3366 337 3420; x_wconf 87' lang='lat' dir='ltr'>fluit</span> <span class='ocrx_word' id='word_1_415' title='bbox 366 3367 408 3409; x_wconf 88' lang='lat' dir='ltr'>in</span> <span class='ocrx_word' id='word_1_416' title='bbox 441 3379 613 3410; x_wconf 90' lang='lat' dir='ltr'>amnem</span> <span class='ocrx_word' id='word_1_417' title='bbox 652 3366 908 3423; x_wconf 87' lang='lat' dir='ltr'>Trauum.“]</span> 
     </span>
    </p>
   </div>
  </div>
 </body>
</html>
