2332 3704
1157 197 1214 240 St.
1230 204 1310 240 121.
2117 204 2163 239 83

454 347 713 386 chronicon
749 346 1239 384 Benedictoburanum.
1277 347 1497 382 Translatio
1532 357 1563 382 s.
1591 345 1826 382 Hnastasiae
1860 348 2022 382 auctore
2063 345 2161 382 Got-

311 410 483 449 schalco,
509 418 543 444 c.
561 409 586 443 li
610 406 715 452 (ΜΟ,
735 407 816 447 SS„
843 407 900 447 lx,
927 406 1028 450 225):
1057 406 1173 448 „Post
1199 416 1295 442 vero
1323 406 1480 441 multum
1507 405 1694 449 temporis
1714 405 1879 450 contigit
1896 405 1980 441 Deo
1999 406 2162 450 dispen-

311 470 436 509 sante,
470 470 510 503 ut
542 467 814 512 episcopatum
847 467 885 502 in
911 466 1090 511 Aquileia
1117 466 1273 511 quidam
1299 466 1498 509 acciperet
1524 474 1572 500 ex
1598 464 1826 500 Noricorum
1853 465 2055 509 provincia
2086 475 2161 501 no-

313 526 414 562 mine
439 526 589 571 Poppo,
626 526 744 562 nobili
771 527 960 571 progenie
987 528 1113 567 natus,
1147 527 1288 570 potens
1315 525 1456 569 opibus
1483 524 1762 569 potentiorque
1787 524 1995 568 sapientia.
2024 525 2162 561 litteris

313 586 413 621 bene
438 585 613 621 eruditus
639 585 804 630 aliisque
830 585 980 621 artibus
1007 594 1086 621 non
1113 584 1361 620 mediocriter
1386 583 1540 619 doctus.
1575 583 1608 618 Is
1635 583 1753 618 etiam
1782 583 1871 618 dum
1899 593 1977 618 non
2004 584 2162 630 longum

312 644 499 689 temporis
526 644 618 680 inibi
646 646 867 690 perageret,
893 644 998 689 cepit
1023 644 1138 679 valde
1164 643 1309 684 dolere,
1337 642 1442 687 quod
1468 642 1780 687 supradictorum
1809 642 2004 677 martirum
2024 645 2162 687 patro-

311 703 414 738 cinio
440 704 613 748 privatus
640 706 759 740 esset.
784 703 846 739 Ad
871 713 972 739 nova
1000 703 1166 740 consilia
1191 711 1281 738 sese
1308 702 1513 737 convertit.
1541 700 1735 737 Simulans
1762 711 1806 736 se
1827 702 1883 737 eis
1905 702 2051 746 aliquid
2070 703 2162 738 boni

314 761 507 798 facturum
534 772 635 803 esse,
662 763 775 798 iussit
802 772 941 807 pacem
967 762 1063 803 fieri,
1091 771 1169 798 non
1195 761 1315 797 corde
1342 770 1468 805 neque
1495 769 1616 805 opere
1642 760 1714 796 sed
1740 761 2014 796 tantummodo
2038 762 2162 796 verbo

313 823 352 856 et
379 821 641 857 mercimoniis
667 822 719 856 ad
744 822 910 857 invicem
937 830 981 857 se
1007 821 1193 866 copulari,
1219 822 1259 855 et
1285 822 1326 855 ut
1352 829 1399 855 ea
1428 829 1469 855 re
1495 819 1620 855 facilis
1648 819 1777 854 aditus
1804 821 1969 863 pateret,
1996 829 2162 865 cumque

313 881 443 915 omnia
469 883 635 925 accepta
662 889 760 926 pace
787 880 1126 922 confirmarentur,
1151 889 1199 915 ac
1236 880 1387 924 utrique
1415 879 1548 923 populi
1574 887 1621 913 ea
1641 888 1682 914 re
1701 878 2020 919 laetificarentur,
2046 888 2163 921 prae—

313 941 416 984 cepit
450 941 542 981 suis,
578 943 619 976 ut
651 940 826 985 perfidos
859 940 933 975 sibi
967 940 1220 976 mercimonio
1253 939 1356 975 fidos
1384 938 1572 979 facerent,
1608 939 1647 972 et
1674 947 1774 982 quos
1799 939 2076 973 antecessores
2104 938 2162 973 sui

312 999 490 1035 inimicos
517 999 726 1040 habebant,
753 999 815 1034 ille
841 999 914 1034 sibi
941 998 1091 1034 amicos
1118 999 1249 1034 facere
1275 997 1443 1033 dicebat.
1481 996 1531 1032 I-lt
1559 996 1611 1031 illi
1637 996 1788 1032 cunctis
1815 996 1914 1032 illius
1941 997 2163 1041 praeceptis

313 1058 555 1100 obedientes,
581 1058 768 1103 paulatim
796 1058 1047 1094 mercimonia
1074 1058 1162 1093 illuc
1189 1059 1407 1103 portantes,
1435 1058 1474 1092 et
1500 1056 1579 1091 cito
1604 1056 1645 1091 in
1672 1055 1824 1091 firmum
1851 1055 1964 1091 fedus
1994 1066 2037 1091 se
2064 1065 2163 1092 con-

315 1118 531 1163 iungentes,
563 1117 696 1153 vinum
730 1116 912 1153 'ferebant
938 1117 1026 1153 illuc
1053 1118 1090 1153 in
1118 1117 1253 1158 doleis,
1287 1116 1523 1152 frumentum
1550 1115 1589 1150 in
1615 1115 1754 1156 saccis,
1791 1115 1920 1150 oleum
1946 1115 1984 1150 in
2012 1116 2162 1161 lagenis

312 1175 467 1221 aliaque
493 1176 656 1220 plurima
683 1186 784 1222 quae
811 1176 940 1212 solent
965 1187 988 1212 a
1015 1176 1334 1222 negociatoribus
1361 1175 1465 1211 ferri.
1495 1174 1613 1220 Igitur
1639 1174 1729 1209 dum
1755 1174 1826 1210 hec
1853 1183 1949 1218 sepe
1977 1174 2165 1209 fecissent

312 1235 521 1279 omniaque
547 1235 648 1271 bene
674 1236 960 1280 explorassent,
994 1238 1087 1271 tunc
1113 1235 1361 1279 supradictus
1395 1234 1574 1279 pontifex
1600 1233 1743 1278 ubique
1770 1232 1910 1268 milites
1936 1232 2088 1275 ascivit,
2116 1242 2163 1267 ac

311 1295 487 1340 singulos
514 1295 764 1345 singulariter
789 1298 939 1340 petens,
967 1295 1163 1340 multaque
1190 1295 1434 1339 promittens,
1461 1294 1494 1329 si
1520 1293 1576 1328 ita
1602 1293 1787 1338 egissent,
1820 1293 1920 1327 sicut
1946 1301 2016 1327 eos
2038 1292 2162 1326 docu-

312 1353 420 1394 isset,
452 1354 510 1389 his
544 1354 597 1390 ita
632 1354 830 1399 perfectis,
870 1355 1046 1399 precepit
1078 1354 1152 1390 sibi
1187 1354 1315 1389 dolios
1348 1354 1527 1398 ingentes
1555 1361 1695 1397 parare
1721 1352 1768 1387 llO
1794 1352 1834 1386 et
1858 1351 1898 1386 in
1924 1360 1994 1386 eos
2022 1350 2162 1386 milites

311 1413 512 1449 ambulare
538 1423 626 1449 cum
652 1414 782 1450 loricis
809 1417 847 1450 et
873 1414 997 1460 galeis
1024 1414 1238 1459 clipeisque
1263 1423 1311 1448 ac
1337 1414 1425 1449 telis
1451 1415 1491 1448 et
1517 1422 1604 1448 cum
1631 1412 1758 1447 multis
1785 1411 1870 1446 aliis
1897 1420 1998 1455 quae
2023 1410 2164 1445 bellico

314 1472 399 1508 usui
435 1473 564 1509 forent
597 1474 834 1510 necessaria.
876 1474 1044 1518 Illosque
1079 1475 1203 1514 iussit,
1238 1475 1280 1509 ut
1307 1473 1419 1517 quasi
1453 1481 1574 1507 causa
1609 1470 1806 1506 mercandi
1840 1471 1951 1511 irent,
1986 1470 2164 1514 intraque

311 1532 515 1569 castellum
541 1542 631 1568 sero
657 1534 848 1574 venirent,
875 1533 1081 1578 mediaque
1107 1535 1226 1568 nocte
1251 1541 1348 1568 vasa
1376 1532 1604 1578 frangerent
1631 1530 1848 1574 militesque
1875 1529 2097 1569 educerent.
2124 1530 2164 1564 et

314 1591 365 1626 illi
385 1591 540 1627 demum
569 1593 700 1628 omnia
727 1592 807 1638 igni
832 1594 1044 1628 traderent.
1069 1592 1330 1636 promisitque
1357 1591 1442 1627 fore
1468 1600 1511 1626 se
1537 1591 1575 1625 in
1602 1590 1780 1634 proximo
1806 1589 1858 1624 ad
1883 1589 2101 1624 auxilium.“

454 1675 548 1711 lbid.
569 1685 602 1711 c.
620 1677 644 1712 5
669 1675 705 1720 (l.
727 1676 793 1720 e.):
824 1676 896 1718 ,At
923 1677 1085 1712 ministri
1112 1676 1217 1711 iussa
1245 1675 1476 1720 conplentes
1502 1675 1542 1709 et
1562 1674 1613 1708 ad
1638 1672 1840 1708 castellum
1867 1681 1955 1708 cum
1981 1672 2162 1708 omnibus

312 1743 414 1778 quae
449 1743 565 1779 supra
602 1735 705 1770 dicta
738 1738 829 1771 sunt
854 1736 1070 1776 venientes.
1105 1737 1144 1770 et
1163 1735 1264 1770 sicut
1291 1734 1396 1770 docti
1424 1733 1591 1774 fuerant,
1627 1732 1726 1768 intra
1754 1731 1880 1767 menia
1906 1731 2165 1767 amicabiliter

314 1794 535 1834 manebant,
562 1796 601 1829 et
627 1795 730 1829 circa
758 1795 924 1830 mediam
951 1796 1108 1830 noctem
1135 1794 1276 1829 milites
1302 1793 1351 1828 de
1377 1793 1485 1829 vasis
1511 1791 1740 1834 educebant,
1767 1800 1815 1826 ac
1843 1791 1970 1826 menia
1989 1790 2160 1835 undique

312 1852 350 1886 vi
376 1852 577 1888 tenebant.
602 1853 643 1888 In
670 1854 843 1889 crastino
868 1855 1000 1889 autem
1020 1854 1111 1889 dum
1131 1853 1316 1898 oppidani
1337 1852 1429 1888 laeti
1450 1853 1655 1897 surgerent
1675 1859 1919 1895 propereque
1939 1851 1979 1885 et
1999 1849 2160 1895 negotia

313 1920 385 1946 sua
422 1911 637 1947 secundum
672 1922 831 1953 morem,
865 1913 956 1948 nihil
993 1913 1082 1948 mali
1115 1913 1376 1957 suspicantes,
1411 1911 1544 1947 subito
1582 1920 1630 1946 ex
1666 1909 1879 1954 improviso
1914 1909 2094 1944 viderunt
2119 1917 2164 1943 se

314 1971 465 2016 magnis
491 1971 673 2015 periculis
698 1972 972 2012 circumdatos,
998 1972 1037 2007 id
1062 1974 1123 2008 est
1146 1973 1215 2007 aut
1239 1964 1319 2017 igni
1345 1971 1423 2006 vivi
1442 1970 1687 2010 inicerentur,
1714 1971 1781 2004 aut
1801 1968 1940 2014 gladiis
1960 1967 2162 2003 interfice-

313 2032 457 2066 rentur.
494 2030 558 2066 llle
593 2033 736 2072 autem,
775 2033 816 2067 ut
851 2031 1038 2077 promisit,
1074 2041 1153 2067 non
1187 2031 1306 2076 longe
1332 2031 1491 2072 aberat;
1526 2030 1598 2065 sed
1630 2031 1672 2064 ut
1696 2029 1794 2064 vidit
1820 2027 2007 2072 oppidum
2032 2037 2055 2061 a
2082 2027 2164 2062 suis

313 2091 482 2134 captum,
514 2090 565 2125 ab
592 2090 740 2126 insidiis
766 2090 947 2131 surrexit,
979 2091 1139 2135 suisque
1165 2090 1310 2125 auxilio
1336 2089 1478 2131 adfuit;
1515 2089 1579 2134 qui
1606 2090 1647 2124 ut
1672 2088 1760 2123 illuc
1785 2087 1903 2126 venit,
1941 2087 2025 2121 sine
2053 2094 2162 2120 mora

314 2158 450 2184 omnes
485 2148 648 2195 fugavit,
685 2149 888 2185 castellum
922 2149 1124 2190 destruxit,
1158 2149 1314 2195 aliaque
1347 2148 1530 2184 aedificia
1556 2148 1646 2193 igne
1674 2146 1929 2190 consumpsit,
1956 2145 2162 2180 victoriam

313 2218 399 2244 cum
427 2209 574 2253 praeda
599 2211 639 2245 et
666 2209 790 2255 gloria
817 2209 1036 2254 acquisivit,
1063 2209 1269 2254 spoliaque
1295 2209 1354 2245 sui
1381 2209 1481 2244 inter
1506 2217 1550 2243 se
1576 2206 1815 2242 dividebant.
1843 2204 2016 2249 Cumque
2031 2204 2161 2239 omnia

312 2268 527 2304 secundum
553 2278 664 2304 suam
689 2269 932 2304 voluntatem
958 2270 1178 2314 perageret,
1212 2268 1426 2313 urbemque
1453 2267 1687 2313 ingrediens,
1714 2265 1922 2300 ecclesiam
1948 2264 2164 2303 inveniens,

312 2329 617 2372 sanctorumque
652 2329 863 2374 martgrum
894 2327 1162 2363 Hermachoris
1189 2327 1366 2372 episcopi
1393 2328 1434 2362 et
1460 2324 1659 2362 Fortunati
1685 2323 1945 2360 archidiaconi
1979 2322 2162 2366 reliquias

313 2386 526 2431 requirens,
552 2396 701 2431 eosque
728 2387 943 2428 inveniens,
970 2387 1022 2422 ad
1048 2387 1206 2431 propria
1233 2387 1319 2422 loca
1341 2386 1460 2432 digno
1482 2386 1632 2420 honore
1651 2392 1882 2428 summaque
1901 2382 2163 2428 gratulatione

314 2446 497 2490 omnique
525 2446 670 2492 gaudio
697 2455 777 2482 una
803 2455 891 2482 cum
917 2448 1056 2482 sancta
1081 2445 1293 2482 Rnastasia
1321 2445 1460 2481 Christi
1486 2444 1637 2489 virgine
1662 2443 1827 2487 aliisque
1847 2442 1894 2477 24
1914 2441 2163 2486 martyribus¹

315 2504 518 2543 reducens,
552 2505 614 2539 die
640 2505 837 2549 passionis
863 2505 1175 2550 supradictorum
1203 2507 1411 2550 marturum
1438 2503 1679 2539 Ermachoris
1706 2504 1745 2537 et
1770 2501 1968 2537 Fortunati
1995 2500 2163 2544 propriis

314 2563 411 2599 locis
445 2564 676 2605 recondens,
710 2566 888 2600 sanctam
921 2566 1052 2600 autem
1085 2563 1337 2600 Anastasiam
1364 2573 1452 2599 cum
1477 2563 1563 2598 aliis
1590 2571 1689 2606 quos
1715 2570 1832 2605 supra
1861 2559 2162 2595 memoravimus

314 2624 536 2659 inconditos
571 2624 754 2665 servavit,
779 2623 917 2659 volens
944 2633 1014 2659 eos
1041 2624 1186 2668 partire
1211 2624 1313 2659 inter
1339 2622 1576 2658 monasteria
1604 2630 1704 2665 quae
1730 2620 1790 2656 sui
1816 2619 1908 2655 iuris
1935 2628 2024 2654 esse
2050 2617 2164 2653 vide·-

315 2684 466 2719 bantur.
500 2682 715 2720 Celebratis
750 2685 881 2719 autem
915 2683 1056 2719 divinis
1092 2682 1249 2723 officiis,
1283 2682 1427 2718 ibidem
1463 2681 1546 2717 Deo
1582 2681 1730 2726 gratias
1757 2679 1964 2718 referebat,
2000 2678 2062 2722 qui
2090 2676 2164 2712 sibi

313 2742 498 2778 auxilium
524 2742 720 2787 praestitit
746 2743 883 2778 contra
911 2742 1088 2778 inimicos
1115 2751 1221 2783 suos,
1248 2741 1469 2786 dimisitque
1496 2749 1633 2776 omnes
1659 2739 1711 2774 ad
1737 2738 1894 2783 propria
1922 2737 2046 2772 redire
2073 2745 2160 2771 cum

312 2803 452 2847 pace.“

456 2872 651 2910 nanduli
684 2870 953 2917 chronicon,
994 2873 1057 2908 lib.
1085 2872 1142 2913 lx,
1176 2882 1210 2908 c.
1230 2873 1263 2913 7,
1300 2881 1390 2917 pars
1419 2872 1432 2906 1
1465 2870 1683 2915 (Muratori,
1719 2869 1859 2914 Script.
1880 2877 1951 2903 rer.
1970 2867 2062 2908 ital„
2088 2865 2166 2906 XII,

315 2932 415 2976 242).
458 2932 605 2978 „1Popo
637 2932 765 2977 Aquil.
791 2931 1028 2976 patriarcha)
1063 2930 1234 2968 Gradum
1268 2931 1399 2967 furtim
1435 2930 1676 2976 ingrediens,
1712 2929 1862 2963 cunctis
1896 2926 2164 2962 abominabile

314 2992 508 3027 commisit
540 2991 744 3037 flagitium,
779 2991 962 3027 videlicet
998 2991 1195 3027 civitatem
1230 3000 1318 3026 cum
1352 2991 1531 3026 ecclesiis
1564 2988 1748 3027 incendit,
1783 2986 1920 3022 altaria
1956 2985 2166 3031 confregit,

314 3052 522 3087 thesauros
547 3051 719 3092 abstulit,
746 3053 785 3086 et
810 3050 998 3096 quidquid
1014 3051 1066 3086 ab
1085 3051 1174 3096 igne
1195 3050 1392 3091 remansit,
1419 3051 1576 3094 praeter
1595 3049 1822 3083 sanctorum
1842 3044 2037 3089 reliquias,
2066 3053 2165 3088 quas

316 3110 489 3146 invenire
516 3118 594 3145 non
621 3111 760 3155 potuit,
792 3118 1036 3155 paganorum
1062 3110 1136 3145 ritu
1162 3119 1294 3145 secum
1322 3109 1468 3144 detulit.
1499 3108 1576 3143 Pro
1602 3108 1714 3142 tanto
1741 3105 1856 3150 igitur
1881 3104 2048 3148 repetito
2074 3112 2163 3138 sce-

314 3169 397 3204 lere
424 3169 501 3204 dux
528 3170 567 3204 et
584 3168 804 3213 patriarcha
826 3168 1040 3204 Benedicto
1058 3177 1186 3213 papae
1204 3168 1334 3203 literas
1356 3168 1519 3207 mittunt,
1546 3165 1618 3202 sed
1635 3167 1845 3209 antequam
1866 3163 1914 3198 de
1934 3164 2046 3198 tanto
2066 3171 2164 3197 ausu

315 3229 574 3268 coerceretur,
600 3227 685 3264 sine
711 3227 963 3263 confessione
989 3229 1028 3263 et
1053 3228 1199 3263 viatico
1226 3227 1279 3263 ab
1306 3228 1379 3263 hac
1406 3227 1491 3262 luce
1517 3225 1679 3270 turpiter
1704 3223 1881 3259 sublatus
1908 3224 2001 3258 est.“

459 3355 468 3372 ¹
490 3351 648 3383 Namesto
670 3355 721 3382 „24
740 3352 952 3388 marturibusu
973 3352 1006 3381 bi
1020 3352 1146 3382 moralo
1166 3353 1243 3382 stati
1265 3355 1314 3382 „⁴2
1335 3351 1558 3388 martyribusu.
1580 3350 1649 3387 Glej
1673 3350 1725 3380 Gr.
1749 3351 1771 3384 1,
1790 3351 1831 3379 st.
1852 3353 1886 3378 72
1907 3350 1937 3378 in
1958 3353 2001 3378 73.

1955 3410 2020 3446 11*
