2332 3704
1048 206 1103 249 St.
1124 214 1206 250 279.
2000 217 2062 252 (τι

210 357 408 412 vojvodu
443 356 636 400 Rudolfu
670 359 710 400 in
745 358 1256 400 karantanskemu
1304 359 1570 412 vojvodu
1617 359 1941 403 Berhtoldu
1986 373 2065 402 na-

209 428 396 480 slednie:
447 427 610 476 „Mene
643 429 685 470 in
718 432 768 471 se
801 432 885 472 vec':
918 429 1088 485 drugih,
1136 430 1286 472 katere
1319 430 1359 483 je
1394 430 1500 483 kralj
1535 431 1714 472 smatral
1748 443 1803 473 za
1836 432 2067 486 sposobne

208 500 471 542 sluZabnike
514 499 927 555 najhudobnejsega
970 501 1174 553 naklepa,
1220 501 1261 553 je
1294 501 1403 554 pred
1437 501 1623 543 kratkim
1658 502 1845 555 pridobil
1879 515 1906 544 Z
1940 515 2067 545 mno-

209 570 313 625 gimi
357 571 596 624 prosnjami
641 571 681 613 in
715 571 908 614 velikimi
953 571 1208 625 obljubami,
1252 571 1310 614 da
1358 572 1400 614 bi
1434 572 1536 626 vaJu
1578 573 1618 614 in
1652 576 1702 615 se
1737 574 1875 629 druge
1909 574 2065 624 kneze,

211 641 253 683 ki
286 653 339 684 so
372 653 423 684 se
457 641 529 683 bili
562 654 619 684 na
651 642 793 684 zboru
827 655 855 685 ν
886 641 1176 697 Wiirzburgu
1208 643 1346 685 zarad
1379 644 1557 698 taJnega
1591 656 1828 699 pogovora
1856 645 2067 686 nekoliko

208 713 437 756 odstranili
471 713 529 756 od
563 714 778 765 mnoiice,
812 713 991 768 napadli
1023 727 1050 756 z
1083 714 1282 767 oroijem
1315 717 1380 756 ter
1412 715 1516 757 tako
1550 715 1806 758 osvobodili
1830 716 1967 770 kralja
1988 728 2066 758 ne-

210 785 422 835 varnosti,
468 785 638 828 driavo
684 797 741 839 pa
774 785 1046 839 zmeanave,
1093 785 1151 827 ko
1185 785 1228 826 bi
1263 786 1432 828 umorili
1465 786 1697 829 zacetnike
1731 798 1884 840 upora.
1932 786 2069 841 Drugi

208 867 263 897 so
305 855 417 897 hitro
463 856 660 910 prevzeli
693 860 739 898 to
772 856 892 907 delo;
938 857 978 899 le
1010 856 1081 910 jaz
1114 868 1210 899 sem
1243 857 1284 898 iz
1318 858 1613 911 spostovanja
1647 857 1705 900 do
1740 859 1919 911 pravice
1953 859 1993 899 in
2027 859 2068 899 iz

208 927 360 969 strahu
407 927 515 981 pred
561 927 694 982 boijo
737 927 885 970 sodbo
933 927 1096 981 pobijal
1143 929 1372 983 pregresni
1417 929 1602 982 naklep,
1650 941 1699 971 se
1745 941 1803 982 po
1850 930 2069 971 moinosti

212 997 414 1051 ustavljal
449 998 585 1052 kralju
619 1001 684 1040 ter
717 1010 774 1054 ga
807 998 979 1040 izkusal
1013 999 1298 1053 pregovoriti.
1340 998 1487 1040 Zarad
1519 1002 1622 1054 tega
1655 1011 1751 1042 sem
1785 1011 1842 1053 pa
1874 1000 2006 1053 prisel
2042 1012 2069 1041 ν

210 1069 316 1111 tako
362 1070 579 1120 nemilost,
625 1069 687 1112 da·
727 1081 796 1111 me
841 1070 882 1123 ie
915 1070 1033 1124 takoj
1069 1070 1280 1113 odstranil
1315 1071 1356 1112 iz
1389 1073 1579 1126 svojega
1613 1074 1877 1124 spremstva,
1925 1084 1952 1114 ν
1988 1071 2068 1112 1(3-

210 1144 348 1182 terem
382 1152 475 1182 sem
508 1141 567 1183 do
601 1141 740 1195 sedai,
775 1141 912 1183 kakor
947 1141 988 1195 je
1020 1153 1181 1191 znano,
1217 1142 1363 1184 uZival
1397 1143 1522 1196 vecje
1555 1143 1776 1196 zaupanje
1809 1143 1868 1185 od
1890 1142 2068 1197 drugih;

210 1212 302 1253 tudi
344 1213 387 1254 bi
430 1224 499 1254 me
542 1213 599 1254 bil
642 1212 714 1254 dal
758 1212 865 1266 kralj
909 1224 967 1266 po
1009 1213 1153 1267 svojih
1186 1213 1466 1255 sluZabnikih
1501 1214 1686 1264 umoriti,
1734 1214 1821 1256 ako
1854 1226 1904 1256 se
1938 1227 1992 1256 ne
2026 1214 2068 1255 bi

210 1283 268 1325 bil
315 1283 427 1326 hitro
460 1284 672 1326 odstranil
706 1285 747 1325 iz
781 1284 972 1339 njegove
1007 1284 1205 1326 bliiinef‘
1255 1283 1324 1326 Ko
1356 1285 1397 1338 je
1431 1283 1665 1339 Regenger
1697 1288 1743 1328 to
1777 1285 1985 1338 povedal,
2029 1286 2069 1339 je

211 1367 240 1396 ν
272 1354 420 1397 dokaz
466 1356 637 1397 resnice
686 1355 876 1397 navedel
919 1354 1012 1397 tudi
1058 1355 1264 1397 sokrivce
1307 1358 1372 1397 ter
1405 1356 1584 1406 izrekel‚
1629 1356 1686 1397 da
1719 1356 1759 1409 je
1787 1356 2069 1410 pripravlJen,

211 1426 300 1468 ako
335 1426 378 1467 bi
411 1426 519 1478 kralj
553 1429 599 1469 to
631 1426 795 1480 tajilsz
828 1426 1069 1480 dvobojem
1104 1427 1280 1480 potrditi
1314 1427 1445 1481 svojo
1478 1427 1639 1481 izjavo.
1672 1426 1875 1480 Vojvoda
1905 1427 2071 1470 Rudolf

211 1498 253 1538 in
289 1496 500 1540 Berhtold
533 1501 601 1540 sta
633 1501 738 1540 nato
772 1498 945 1552 poslala
978 1498 1006 1540 h
1038 1498 1178 1552 kralJu
1212 1498 1424 1552 poslance
1458 1502 1522 1540 ter
1556 1510 1626 1540 mu
1661 1499 1908 1549 naznanila,
1944 1499 2000 1541 da
2025 1499 2067 1552 ju

211 1581 267 1611 ne
301 1572 415 1611 veie
448 1572 532 1611 vec
565 1570 743 1625 prisega
775 1569 1010 1620 zvestobe,
1045 1570 1122 1611 ker
1153 1570 1194 1623 ie
1227 1582 1285 1612 on
1318 1567 1456 1624 (kraIJ)
1490 1570 1586 1623 prvi
1620 1570 1819 1623 prelomil
1846 1570 2069 1612 zvestobo

210 1643 276 1682 ter
308 1641 421 1694 proti
453 1641 599 1691 tistim,
634 1641 675 1682 ki
708 1653 761 1683 so
795 1641 926 1682 delali
958 1652 1013 1681 za
1046 1641 1211 1695 njegov
1245 1641 1414 1695 blagor‚
1455 1641 1588 1683 koval
1622 1641 1834 1683 hudobne
1867 1642 2069 1696 naklepe.

210 1710 314 1753 Ako
348 1724 397 1754 se
431 1724 485 1754 ne
519 1713 732 1766 opraviCi,
778 1711 847 1766 naj
882 1725 911 1754 ν
944 1712 1098 1754 mirnih
1132 1712 1254 1754 casib
1288 1724 1342 1754 ne
1376 1712 1603 1767 pricakuje
1636 1713 1695 1754 od
1729 1713 1800 1766 nju
1834 1714 2068 1764 zvestobe,

210 1796 240 1824 ν
272 1783 392 1837 vojni
426 1795 483 1836 pa
517 1784 707 1836 pomocL

354 1862 585 1900 Lamberti
609 1862 839 1901 nersfeld.
860 1863 978 1900 Anu.
1000 1864 1051 1899 ad
1077 1874 1112 1899 a.
1137 1863 1449 1908 10731MG.SS.,
1476 1864 1521 1905 V,
1547 1864 1648 1907 203):
1678 1864 1907 1906 „Celebrata
1926 1865 2070 1900 ibidem

210 1923 281 1967 (se.
299 1923 546 1967 wirceburc)
573 1924 744 1959 omnium
770 1926 997 1959 sanctorum
1024 1923 1252 1964 festivitate,
1278 1923 1536 1969 Ratisponam
1565 1925 1620 1959 ire
1647 1924 1814 1959 instituit
1832 1924 1902 1968 (sc.
1915 1924 1997 1967 rex)
2013 1951 2021 1959 .
2037 1953 2070 1960 ,.

210 1982 385 2027 Cumque
412 1983 511 2018 inter
536 1985 705 2018 eundem
731 1984 882 2027 aliquot
910 1983 1047 2018 diebus
1075 1983 1305 2030 Nurenburg
1334 1986 1562 2024 moraretur,
1589 1984 1747 2028 quidam
1768 1984 1832 2028 qui
1851 1984 1962 2019 lateri
1984 1984 2068 2020 eius

212 2043 289 2078 iam
316 2043 380 2078 diu
408 2042 711 2078 familiarissime
738 2043 976 2078 obversatus
1004 2042 1142 2084 fuerat,
1169 2043 1377 2089 Regenger
1403 2044 1574 2083 nomine,
1601 2044 1790 2079 incertum
1818 2044 1982 2079 aliorum
2009 2044 2070 2078 in-

210 2101 358 2137 stinctu
383 2112 435 2137 an
462 2102 619 2146 privato
645 2102 682 2137 in
710 2111 798 2137 eum
824 2101 894 2146 (sc.
912 2101 1060 2147 regem)
1080 2102 1172 2138 odio
1193 2103 1421 2143 suscitatus,
1450 2105 1611 2147 repente
1633 2103 1811 2147 prorupit
1829 2103 1866 2138 in
1889 2103 2068 2143 medium.

208 2164 250 2197 et
277 2161 441 2197 ducibus
467 2161 665 2197 Ruodolfo
691 2171 739 2197 ac
765 2162 979 2198 Berhtoldo
1006 2171 1126 2207 grave
1153 2163 1344 2198 adversus
1372 2172 1461 2198 eum
1488 2163 1635 2198 crimen
1663 2163 1813 2198 detulit.
1844 2162 1983 2208 „Ego‚“
2007 2164 2067 2198 in—

211 2221 306 2265 quit,
336 2224 396 2263 „et
422 2222 487 2257 alii
515 2222 701 2266 plerique,
738 2231 837 2266 quos
866 2222 1063 2266 pessimae
1091 2222 1388 2258 machinationis
1414 2232 1512 2258 suae
1538 2231 1607 2257 rex
1635 2222 1802 2258 idoneos
1829 2222 1915 2257 fore
1942 2223 2068 2257 admi-

212 2281 357 2317 nistros
384 2283 627 2326 speraverat,
655 2290 779 2326 nuper
805 2282 934 2317 multis
961 2282 1144 2326 precibus
1170 2283 1403 2327 magnisque
1430 2282 1778 2326 pollicitationibus
1806 2282 1857 2317 ab
1884 2292 1932 2317 eo
1958 2282 2068 2317 solli-

210 2340 320 2375 citati
350 2349 495 2380 sumus,
531 2343 583 2380 ut,
618 2341 734 2376 vobis
761 2350 808 2376 ac
835 2342 977 2376 ceteris
1004 2342 1114 2387 regni
1142 2342 1383 2386 principibus
1410 2341 1646 2386 Wirceburg
1673 2342 2001 2377 convenientibus
2028 2344 2067 2376 et

210 2400 437 2435 secretioris
465 2399 648 2444 colloquii
676 2401 802 2444 gratia
830 2401 1026 2444 paululum
1053 2410 1077 2435 a
1106 2401 1348 2436 multitudine
1376 2401 1547 2440 remotis,
1575 2401 1715 2435 armati
1743 2400 1779 2435 in
1806 2410 1879 2436 vos
1901 2402 2068 2436 irruere-

213 2469 309 2500 mus,
337 2461 376 2494 et
393 2459 596 2494 trucidatis
615 2459 822 2495 seditionis
841 2460 1082 2500 auctoribus,
1103 2460 1230 2504 ipsum
1251 2461 1437 2505 periculo,
1458 2470 1536 2495 rem
1559 2461 1753 2504 publicam
1772 2460 2068 2504 perturbatione

211 2519 478 2554 liberaremus.
505 2518 552 2553 Et
578 2519 695 2554 ceteri
724 2519 880 2563 quidem
906 2520 1002 2555 satis
1030 2520 1193 2565 impigre
1219 2522 1480 2564 susceperunt
1507 2520 1727 2565 negocium.
1755 2519 1871 2555 Solus
1890 2522 2067 2565 egotam

212 2578 390 2613 iusticiae
417 2580 599 2622 respectu
626 2587 742 2622 quam
770 2578 886 2613 futuri
905 2579 1034 2614 iudicii
1057 2581 1160 2615 metu
1179 2580 1448 2615 detrectabam
1471 2589 1570 2623 opus
1591 2579 1794 2619 nefarium,
1821 2582 1859 2615 et
1880 2581 2067 2623 quantum

212 2637 404 2672 obluctari
432 2637 656 2673 obstinatae
676 2638 898 2673 sententiae
918 2639 1126 2679 audebam,
1153 2639 1350 2675 dehortari
1369 2649 1456 2675 eum
1478 2640 1653 2674 conabar
1672 2649 1694 2673 a
1714 2639 1931 2683 proposito.
1959 2638 2067 2683 Qua-

213 2699 375 2741 propter
409 2699 520 2732 tanta
556 2697 592 2732 in
622 2707 683 2732 me
709 2697 911 2734 incanduit
937 2698 1218 2743 indignatione,
1254 2701 1295 2734 ut
1320 2708 1343 2734 a
1370 2699 1630 2734 contubernio
1658 2708 1743 2739 suo,
1780 2708 1858 2743 quo
1885 2708 1946 2733 me
1973 2699 2068 2734 hac-

212 2758 327 2792 tenus
363 2757 504 2792 ceteris
539 2756 766 2793 familiarius
794 2758 1022 2802 perfruitum
1049 2758 1195 2803 optime
1222 2759 1360 2799 nostis.
1398 2758 1575 2802 protinus
1604 2767 1664 2793 me
1690 2760 1905 2798 amoveret,
1942 2761 1980 2793 et
2007 2759 2067 2793 iu—

214 2815 423 2860 gulandum
450 2817 738 2861 apparitoribus
765 2819 846 2854 suis
866 2818 1090 2857 obiecisset.
1113 2819 1186 2854 nisi
1207 2819 1419 2863 periculum
1441 2819 1660 2858 imminens,
1688 2818 1953 2862 penetralibus
1973 2827 2067 2862 pro-

213 2884 306 2919 pere
341 2876 584 2917 excedendo,
620 2877 913 2913 declinassem.“
950 2877 1018 2913 His
1054 2878 1180 2918 dictis,
1216 2879 1254 2913 in
1287 2879 1560 2923 argumentum
1588 2877 1680 2913 fidei
1707 2878 1835 2913 locum
1863 2878 2066 2921 expressit,

212 2935 398 2970 conscios
434 2936 650 2971 nominavit
675 2939 726 2977 et,
761 2937 793 2973 si
823 2947 891 2972 rex
918 2937 1171 2978 inficiaretur.
1206 2939 1385 2982 paratum
1412 2947 1455 2973 se
1483 2938 1549 2978 ait,
1585 2947 1672 2972 cum
1701 2937 1799 2981 ipso.
1834 2938 1866 2972 si
1894 2937 1930 2971 id
1958 2938 2066 2982 leges

213 2996 454 3038 paterentur,
480 2995 542 3030 vel
568 3004 656 3030 cum
683 2997 823 3039 quovis
851 2997 1008 3032 homine
1028 2999 1213 3033 conserta
1234 3006 1362 3037 manu,
1391 3005 1470 3031 rem
1492 2997 1624 3032 divino
1643 2996 1789 3032 iudicio
1808 2997 2065 3031 committere.

213 3053 476 3089 Vehementer
502 3054 599 3090 haec
626 3056 746 3091 verba
774 3058 1053 3100 permoverunt
1080 3056 1305 3100 praedictos
1333 3057 1465 3096 duces,
1488 3083 1496 3091 .
1518 3082 1525 3089 .
1547 3084 1555 3091 .
1578 3056 1712 3100 ltaque
1731 3056 1886 3101 legatos
1907 3056 1959 3091 ad
1979 3066 2067 3091 eum

212 3114 282 3156 (sc.
301 3113 448 3159 regem)
476 3114 644 3155 mittunt,
672 3116 949 3160 mandantque,
976 3125 1020 3151 se
1047 3116 1123 3151 iam
1151 3116 1254 3151 nulla
1282 3116 1471 3161 religione
1498 3115 1622 3150 teneri
1649 3116 1898 3155 sacramenti,
1926 3125 2004 3159 quo
2031 3117 2065 3150 ei

213 3172 333 3208 fidem
359 3173 727 3218 subiectionemque
754 3174 990 3215 firmassent,
1027 3184 1113 3210 cum
1142 3176 1226 3219 ipse
1253 3175 1360 3219 prior
1387 3174 1504 3210 fidem
1532 3174 1773 3219 prodidisset
1797 3177 1837 3209 et
1863 3175 1910 3209 de
1938 3175 2066 3210 salute

213 3241 283 3268 sua
310 3232 571 3268 tractantibus
599 3233 760 3269 insidias
789 3235 1028 3270 machinatus
1049 3235 1205 3276 fuisset,
1234 3235 1408 3277 proinde,
1437 3234 1510 3269 nisi
1529 3233 1685 3269 obiecta
1706 3234 1894 3273 diluisset,
1923 3235 2066 3270 nullam

213 3292 399 3336 deinceps
426 3301 448 3327 a
475 3301 519 3327 se
552 3292 615 3327 vel
650 3294 687 3328 in
722 3293 939 3338 tranquillis
976 3295 1092 3329 rebus
1121 3294 1239 3329 iidem
1272 3294 1333 3329 vel
1363 3294 1399 3328 in
1428 3293 1665 3338 perturbatis
1693 3293 1878 3328 auxilium
1906 3302 2066 3337 sperare

214 3350 391 3387 debere.“
