2332 3704
1030 222 1086 265 St.
1105 231 1186 269 533,
1213 230 1294 265 334.
2018 232 2084 267 197

375 370 612 408 Bettholdi
636 371 752 407 Eun.
774 372 824 407 ad
850 381 885 407 a.
907 371 997 408 1077
1023 370 1128 414 (ΜΟ.
1149 371 1230 412 SS..
1250 372 1294 412 V,
1314 371 1416 415 295):
1454 370 1549 416 „Qui
1576 371 1643 415 (sc.
1664 372 1893 417 patriarcha)
1926 374 2085 409 tandem

233 433 323 474 post
350 431 568 466 huiusmodi
608 432 836 466 mendacem
874 432 1211 466 assentationem¹
1237 441 1280 467 se
1309 432 1464 466 domurn
1505 431 1739 467 festinanter
1779 433 2009 477 proripiens,
2047 436 2086 468 et

232 492 466 534 sumptuoso
505 491 663 526 multum
698 492 889 535 apparatu
925 499 968 526 se
1001 491 1039 525 in
1075 491 1177 535 regis
1205 491 1488 535 qualecumque
1526 490 1759 536 suffragium
1794 492 2086 527 studiosissime

235 550 480 584 militaturum
519 550 753 594 rependens,
790 549 969 585 maniaco
1006 549 1136 585 furore
1170 549 1381 594 derepente
1404 549 1532 585 factus
1559 552 1619 585 est
1645 551 1891 595 arrepticius.
1933 551 1980 586 Bt
2013 551 2086 586 hac

232 610 428 644 amentiae
455 610 664 644 metuenda
693 610 845 645 cunctis
879 609 1066 653 passione
1099 609 1383 653 aliquantisper
1415 609 1468 644 ad
1499 610 1719 654 exemplum
1754 610 2011 646 mendacibus
2047 613 2086 645 et

231 669 426 712 apostatis
461 669 717 704 daemoniace
751 669 848 705 satis
882 669 1150 708 discruciatus,
1186 667 1396 703 damnabili
1431 669 1771 703 consummatione
1810 669 2086 704 insanissimus

232 727 457 772 exspiravit.
501 728 548 763 Et
574 728 631 763 sic
658 738 745 764 cum
782 728 977 764 nonnullis
1010 738 1168 764 suorum
1202 727 1409 763 subitanea
1444 728 1577 763 itidem
1605 730 1728 763 morte
1757 728 1997 773 direptorum
2035 729 2085 763 ad

231 787 365 822 sedem
391 797 502 823 suam
528 787 778 823 tumulandus
805 789 1029 831 reportatus
1058 789 1151 823 est.“

373 846 541 890 Bruno,
560 847 630 883 De
647 846 770 883 bello
797 845 1038 891 saxonico,
1067 857 1100 882 c.
1122 847 1166 882 75
1192 846 1296 890 (MG.
1318 845 1399 887 SS„
1418 846 1464 887 V,
1484 846 1585 890 360:
1617 847 1689 888 „Ut
1708 848 1807 882 enirn
1840 856 1909 891 per
1943 857 2083 883 exces-

230 916 315 941 sum
343 906 536 950 quaedam
563 907 625 942 vel
651 908 828 951 repetam
854 907 915 941 vel
943 915 1205 951 praecurram,
1232 907 1460 951 patriarcha,
1488 907 1551 951 qui
1579 906 1732 952 legatus
1759 907 1981 951 apostolici,
2002 917 2085 942 ma-

231 966 358 1001 ximus
393 968 532 1001 auctor
562 966 820 1001 abiurationis
847 966 1030 1000 extiterat
1059 965 1227 1001 Heinrici
1254 967 1293 1000 et
1319 966 1411 1001 novi
1451 966 1554 1011 regis
1594 966 1834 1006 instituendi,
1874 968 2085 1011 postquam

231 1025 363 1070 exregi
390 1025 502 1069 quasi
530 1025 610 1070 regi
636 1025 812 1061 sociatus
839 1024 1094 1069 retrogradus
1121 1024 1304 1066 efficitur,
1331 1025 1536 1068 repentina
1564 1027 1688 1060 morte
1715 1028 1965 1069 praeventus,
1994 1027 2084 1070 qula

231 1084 547 1120 communicabat
573 1084 936 1124 excommunicatis,
962 1084 1315 1119 incommunicatus
1342 1086 1382 1119 et
1407 1084 1656 1120 inconfessus
1684 1084 1771 1119 huic
1796 1085 1903 1120 vitae
1929 1085 2085 1120 subtra-

231 1144 344 1179 hitur.
382 1143 518 1179 Verum
546 1144 636 1187 quia
662 1145 797 1178 tantae
823 1143 1023 1188 dignitatis
1050 1144 1175 1178 virum
1213 1153 1291 1179 non
1328 1144 1498 1179 decebat
1537 1145 1591 1179 ire
1629 1144 1755 1179 solum
1793 1144 1846 1179 ad
1882 1144 2085 1185 infernum,

230 1202 525 1248 quinquaginta,
551 1204 653 1238 sicut
679 1203 910 1243 audivimus,
938 1203 986 1238 de
1013 1203 1093 1238 suis
1122 1203 1256 1238 habuit
1282 1204 1428 1244 socios,
1455 1203 1594 1238 eadem
1622 1206 1748 1239 morte
1767 1204 1971 1248 repentina
1994 1214 2085 1239 cor-n

229 1264 380 1307 reptos;
408 1272 456 1297 ne
485 1271 584 1307 quos
612 1263 784 1298 habebat
811 1263 849 1298 in
876 1262 1081 1307 iniquitate
1108 1264 1327 1303 consortes,
1354 1263 1392 1298 in
1420 1263 1676 1298 retributione
1703 1272 1782 1298 non
1809 1263 1972 1298 haberet
1993 1272 2085 1308 para

228 1321 403 1366 ticipes.“

371 1379 589 1417 Bernoldi
615 1379 873 1418 Chronicon
898 1382 949 1417 ad
975 1391 1010 1417 a.
1033 1381 1124 1418 1077
1150 1381 1254 1426 (ΜΟ.
1275 1381 1356 1422 SS.,
1377 1381 1420 1422 V,
1441 1381 1542 1425 4310:
1566 1381 1680 1423 „Item
1700 1381 1939 1427 Sigehardus
1959 1382 2084 1427 Aqui-

227 1440 386 1476 leiensis
413 1441 642 1485 patriarcha,
670 1442 708 1476 in
735 1441 920 1477 auxilium
959 1441 1126 1477 Heinrici
1160 1443 1296 1477 contra
1331 1441 1503 1476 bannum
1537 1441 1746 1485 apostolici
1779 1443 1932 1476 armata
1968 1451 2084 1476 manu

227 1500 402 1541 veniens,
431 1500 468 1535 in
495 1501 707 1535 amentiam
733 1501 898 1536 vertitur
923 1501 1028 1545 apud
1046 1500 1311 1544 Ratisponam,
1337 1502 1375 1536 et
1395 1510 1443 1536 ex
1471 1501 1557 1544 ipso
1578 1501 1717 1535 itinere
1735 1502 1941 1544 repentina
1960 1502 2084 1536 morte

228 1560 489 1604 intercipitur:
517 1561 652 1605 sicque
680 1560 837 1595 domum
870 1570 949 1595 non
982 1560 1067 1595 sine
1102 1559 1296 1604 aliquibus
1331 1569 1490 1595 suorum
1525 1559 1739 1600 funeribus,
1772 1560 1810 1595 in
1844 1568 2010 1604 corpore
2045 1561 2084 1594 et

227 1619 356 1654 anima
385 1621 571 1660 mortuus,
598 1620 906 1663 reportabatur.“

370 1677 690 1724 necrologium
715 1687 751 1715 s.
770 1677 989 1714 Rudherti
1022 1677 1268 1724 salisburg.
1304 1677 1365 1722 (A)
1391 1679 1442 1713 ad
1467 1678 1501 1713 2.
1523 1678 1571 1713 id.
1593 1677 1692 1723 Aug.
1725 1693 1765 1706 z
1796 1678 1851 1713 12.
1870 1688 1959 1725 avg.
1979 1677 2083 1722 (ΜΟ.

227 1737 391 1778 Necrol.,
419 1738 459 1778 ΙΙ,
486 1738 587 1782 158);
617 1738 867 1784 „Sigihardvs
894 1738 1111 1783 patriarcha
1139 1739 1225 1773 ob.‘⁴

371 1796 692 1843 Neci-elogium
717 1796 1228 1843 Weihenstephanense
1254 1797 1304 1832 ad
1331 1797 1371 1832 11.
1392 1797 1443 1832 id.
1458 1796 1558 1842 Aug.
1586 1796 1690 1840 (ΜΟ.
1710 1797 1874 1838 Necrol.,
1896 1795 1954 1838 ΙΙΙ,
1981 1796 2085 1841 213):

232 1857 470 1902 „Sighardus
497 1857 747 1902 patriarcha.u

371 1908 692 1961 necrologium
705 1915 1003 1963 Aquileiense
1017 1917 1069 1952 ad
1087 1916 1128 1952 11.
1139 1916 1189 1952 id.
1202 1916 1302 1962 Aug.
1317 1915 1485 1959 (Rubeis,
1501 1916 1612 1951 Mon.
1631 1915 1725 1951 eccl.
1736 1915 1874 1960 Aquil„
1891 1916 1964 1952 col.
1978 1916 2084 1960 533):

232 1975 438 2016 „Sicardus
466 1976 682 2020 patriarcha
710 1976 840 2012 obiit.“

371 2033 692 2081 Necrologium
710 2043 830 2071 mon.
849 2034 1129 2072 Rosacensis
1149 2035 1199 2070 ad
1218 2035 1259 2071 ΙΙ.
1278 2035 1327 2070 id.
1346 2035 1444 2081 Aug.
1465 2034 1618 2079 (Archiv
1644 2035 1669 2071 f.
1690 2035 1876 2076 Karnten,
1898 2035 1989 2077 XIX,
2008 2035 2081 2078 1²0:

232 2094 470 2140 „signardus
496 2094 749 2139 patriarcha!

371 2151 693 2200 necrologium
734 2153 1148 2190 midlaelburanum
1187 2155 1238 2190 ad
1277 2154 1351 2190 kal.
1381 2154 1481 2200 Aug.
1517 2169 1557 2182 z
1601 2155 1631 2190 1.
1658 2164 1747 2199 avg.
1788 2153 1892 2198 (ΜΟ.
1918 2154 2084 2195 Necrol.,

229 2213 269 2253 11.
294 2212 396 2257 215):
425 2213 687 2260 „sigehardus
713 2215 930 2259 patriarcha
956 2213 1248 2259 Aquilegiensis
1275 2214 1460 2250 fundator
1488 2217 1624 2250 noster
1650 2215 1714 2250 ob.
1736 2223 1771 2249 a.
1792 2214 1917 2250 1078.“

370 2271 690 2319 necrologium
710 2272 818 2309 eccl.
838 2272 985 2320 Equil.
1004 2274 1055 2309 ad
1082 2274 1123 2309 11.
1142 2274 1228 2309 idus
1249 2273 1415 2319 Augusti
1435 2289 1474 2301 z
1494 2273 1548 2309 12.
1563 2283 1653 2319 avg.
1679 2273 1805 2318 (loppi
1832 2283 1857 2308 v
1871 2273 2079 2318 Archeogr.

231 2333 381 2373 Triest„
407 2332 484 2373 XX,
505 2332 607 2376 228):
635 2332 870 2378 „Sigeardus
898 2333 1114 2377 patriarcha
1150 2333 1260 2374 obiit,
1286 2334 1349 2377 qui
1378 2333 1494 2377 Ripas
1522 2335 1560 2368 et
1587 2333 1618 2368 X
1646 2343 1805 2368 mansos
1842 2332 1947 2376 apud
1982 2332 2082 2367 Flai-

228 2392 371 2427 banum
398 2391 583 2427 fratribus
610 2392 716 2427 dedit
743 2394 782 2427 et
807 2393 909 2427 iacet
935 2394 1027 2427 ante
1053 2393 1309 2435 sepulcrum.“

372 2449 692 2497 necrologium
730 2450 839 2488 eccl.
867 2450 1062 2497 Aquilej.
1101 2451 1242 2495 (Leidit
1273 2461 1299 2487 v
1324 2450 1472 2497 Dagine
1511 2451 1698 2492 Friulane,
1738 2452 1804 2487 XV
1838 2451 1973 2496 [1903],
1999 2452 2076 2496 65);

232 2509 438 2551 „Secundo
464 2510 552 2545 idus
576 2509 743 2556 Augusti
770 2509 983 2555 Sigeardus
1010 2510 1227 2554 patriarcha
1254 2512 1362 2552 obiit,
1390 2511 1455 2556 qui
1480 2512 1612 2549 villam
1649 2521 1751 2556 quae
1787 2512 1907 2557 Ripae
1943 2512 2083 2547 dicitur

229 2569 286 2603 eis
313 2568 381 2612 (sc.
400 2569 603 2604 canonicis
630 2570 725 2604 eccl.
743 2568 884 2614 Aquil.)
911 2569 1018 2604 dedit
1044 2579 1131 2604 cum
1159 2571 1331 2612 decimis,
1358 2570 1525 2615 placitis,
1559 2571 1880 2612 districtionibus,
1914 2571 2081 2607 collecta

229 2627 518 2663 diristianitatis
545 2628 607 2664 vel
634 2628 743 2664 fischi
775 2628 987 2664 sclaritatis
1023 2638 1109 2663 cum
1145 2628 1348 2674 Aquileiae
1385 2640 1504 2675 opere
1532 2633 1571 2666 et
1596 2631 1627 2666 X
1654 2640 1813 2666 mansos
1850 2631 1955 2675 apud
1980 2631 2081 2666 Flai-

229 2687 372 2722 banum
399 2696 486 2722 cum
514 2688 694 2723 omnibus
721 2688 967 2732 pertinentiis
994 2697 1141 2729 eorum,
1169 2689 1206 2724 in
1234 2688 1382 2725 Carnea
1411 2690 1562 2725 decima
1590 2690 1638 2725 de
1664 2690 1808 2730 Lauco,
1844 2690 2014 2726 Drences
2041 2693 2083 2726 et

228 2745 434 2782 Armenes·

1018 2817 1110 2885 St.
1137 2832 1289 2885 334.

371 2922 520 2976 1077,
554 2937 589 2968 v
620 2925 849 2970 zacetku
881 2926 1211 2981 septembra.

372 2995 488 3049 Kralj
522 2995 687 3039 Henrik
720 2997 790 3041 IV.
822 2998 863 3052 Je
897 2997 1121 3050 Udalrika,
1162 2999 1350 3054 svojega
1383 2999 1659 3042 sorodnika2
1690 3000 1732 3041 in
1778 3001 1873 3042 sina
1919 3000 2078 3041 karan-

226 3067 443 3121 tanskega
470 3065 803 3119 Markwarda3,
838 3069 1031 3123 postavil
1065 3082 1120 3111 za
1154 3073 1289 3123 opata
1322 3083 1351 3112 v
1384 3062 1772 3125 Sentgallenskem
1807 3073 2078 3113 samostanu.

228 3136 369 3191 Nekaj
403 3138 460 3179 let
493 3139 682 3193 pozneje
714 3140 754 3193 je
787 3143 830 3182 ta
863 3140 1046 3183 Udalrik
1079 3141 1223 3194 postal
1259 3141 1446 3196 oglejSki
1480 3141 1683 3195 patriarh.

370 3229 380 3246 ¹
402 3228 451 3257 Gl.
474 3230 515 3256 St.
537 3232 599 3256 330.

369 3276 380 3294 2
399 3274 533 3304 Udalrik
554 3276 586 3303 in
604 3275 683 3311 kralj
706 3276 826 3306 Henrik
846 3277 899 3306 lV.
921 3278 973 3306 sta
992 3278 1057 3307 bila
1078 3279 1232 3312 sorodna,
1253 3279 1331 3315 kaiti
1353 3279 1475 3314 Gizela,
1498 3279 1588 3308 stara
1608 3279 1681 3308 mati
1702 3279 1805 3315 kralja
1821 3279 1970 3312 Henrika,
1991 3279 2022 3308 in
2038 3286 2079 3314 pa

226 3323 386 3355 Beatrica,
407 3325 497 3352 stara
518 3324 594 3352 111811
615 3325 714 3359 opatu
736 3324 901 3358 Udalrilm,
922 3328 974 3355 sta
995 3326 1050 3355 bili
1071 3327 1179 3356 sestri.

367 3371 378 3389 ³
399 3370 447 3400 Gl.
470 3371 631 3400 rodovnik
651 3371 716 3407 pod
737 3373 778 3401 st.
799 3376 860 3402 399.
