2332 3704
245 222 314 258 236
993 215 1048 258 St.
1068 223 1150 263 1100,
1176 223 1257 264 1101,
1283 224 1365 260 402.

242 368 315 421 jim
362 367 450 408 bilo
489 366 625 408 zafad
660 367 811 409 koristi
845 367 972 420 svoJe
1005 367 1168 409 cerkve
1201 370 1321 409 νὲρᾰ.
1365 366 1578 421 [,‚Notum
1611 370 1670 411 sit
1698 369 1900 412 omnibus
1933 369 2096 414 Christi

243 437 490 491 nostrisque
513 437 728 491 fidelibus
761 440 849 480 tam
875 437 1043 490 suturis
1076 449 1207 492 quam
1234 438 1556 492 praesentibus,
1589 440 1777 494 qualiter
1795 452 1877 483 nos
1900 444 2091 495 tempore

245 507 457 563 Sighardi
480 507 759 562 patriarchae
791 507 933 551 bonae
965 509 1201 551 memoriae
1226 521 1311 564 pro
1334 509 1469 564 fideli
1490 511 1665 554 servitio
1694 511 1789 566 esus
1815 514 1858 554 et
1871 523 1955 566 pro
1972 513 2090 567 peti-

244 580 359 622 tione
391 579 574 622 aliorum
599 579 804 634 fidelium
838 582 1085 622 nostrorum
1120 580 1343 634 quandam
1375 581 1608 624 marchiam
1641 583 1815 625 nomine
1839 581 2091 627 Carniolam

243 649 514 705 Aquilejensi
544 650 753 693 ecclesiae
784 650 840 693 ob
872 650 1078 694 honorem
1110 663 1144 693 s.
1167 651 1257 693 Dei
1282 652 1509 706 genitricis
1529 653 1706 695 Mariae
1727 654 1954 708 sanctique
1975 654 2091 697 Her-

241 732 455 776 magorae
487 721 697 773 dedimu3‚
723 724 884 776 postea
916 733 1017 764 vero
1052 721 1234 765 concilio
1269 723 1542 776 quorundam
1574 735 1661 766 non
1695 723 1803 767 bene
1834 724 1960 768 nobis
1983 736 2088 768 con-

240 791 471 834 sulentium
507 792 688 834 eandem
721 792 958 835 marchiam
985 792 1245 846 praedictae
1268 793 1478 836 ecclesiae
1498 793 1797 837 subtrahendo
1817 794 2087 847 abstulimus,

242 861 320 904 alii
362 874 457 905 eam
501 863 796 906 concedentes.
838 864 969 906 Nunc
1002 864 1137 918 igitur
1166 867 1529 919 recognoscentes
1553 866 1773 919 justitiam
1807 865 1870 908 ad
1897 867 2092 909 reconci-

241 932 435 976 liandam
474 934 601 977 nobis
633 947 666 977 s.
688 934 778 977 Dei
803 935 1061 988 genitricem
1094 935 1285 977 Mariam
1312 936 1551 991 praefatae
1583 936 1792 980 ecclesiae
1823 937 2090 981 reddidimus

241 1006 284 1046 et
307 1016 392 1058 pro
430 1005 619 1048 remedio
653 1006 829 1048 animae
860 1008 1038 1048 nostrae
1070 1008 1158 1048 tum
1185 1018 1270 1060 pro
1303 1006 1532 1050 dilectione
1564 1010 1606 1050 et
1627 1007 1761 1062 fideli
1789 1009 1966 1051 servitio
2005 1008 2088 1051 Vo-

241 1074 398 1118 dalrici
429 1076 709 1131 patriarchae
743 1076 898 1132 fidelis
944 1077 1084 1120 nostri
1125 1079 1168 1120 et
1207 1076 1479 1120 dilectissimi
1521 1080 1854 1134 consanguinei,
1902 1082 1990 1122 tum
2033 1078 2089 1122 ob

240 1148 522 1191 interventum
562 1148 766 1203 fidelium
814 1152 1060 1192 nostrorum
1091 1183 1099 1191 .
1133 1184 1141 1192 .
1178 1182 1186 1190 .
1218 1149 1495 1203 praedictam
1542 1150 1776 1194 marchiam
1824 1150 2096 1206 Aquilejensi

241 1218 449 1262 ecclesiae
482 1219 543 1262 ad
572 1219 777 1262 honorem
810 1232 843 1262 s.
863 1220 1037 1262 Mariae
1068 1221 1296 1274 sanctique
1328 1220 1636 1276 Hermagorae
1659 1222 1701 1264 in
1715 1222 1943 1276 proprium
1965 1221 2089 1264 dedi-

239 1302 336 1333 mus
381 1302 475 1333 cum
518 1291 599 1333 tali
631 1291 735 1345 sure
782 1294 824 1334 et
858 1292 1045 1346 justitia,
1093 1303 1181 1346 qua
1214 1303 1310 1334 eam
1343 1303 1424 1334 nos
1455 1292 1687 1335 habuimus
1720 1296 1763 1336 et
1793 1295 2093 1336 antecessores

239 1363 379 1405 nostri
408 1374 590 1417 regesve
621 1362 689 1405 vel
718 1363 1005 1417 imperatores
1025 1363 1268 1406 habuerunt
1299 1375 1352 1406 ea
1373 1363 1541 1406 scilicet
1559 1365 1738 1416 ratione,
1770 1367 1818 1407 ut
1836 1363 2091 1418 praedictus

245 1433 477 1476 Udalricus
520 1434 773 1488 patriarcha
823 1435 1002 1489 esusque
1046 1447 1324 1478 successores
1369 1435 1549 1478 liberam
1588 1437 1854 1490 potestatem
1901 1435 2095 1484 habeant

233 1504 504 1558 possidendi,
549 1505 774 1548 obtinendi
816 1506 884 1549 vel
926 1506 1141 1561 quidquid
1169 1506 1257 1549 illis
1288 1505 1350 1549 ad
1378 1506 1606 1550 utilitatem
1641 1506 1851 1550 ecclesiae
1876 1507 2095 1562 placuerit

239 1575 339 1618 inde
362 1576 621 1631 faciendi.“]

380 1647 572 1698 „Datum
597 1650 663 1690 est
680 1648 749 1691 IV.
772 1647 871 1691 idus
892 1649 1006 1691 Maii
1026 1660 1142 1692 anno
1166 1648 1222 1692 ab
1245 1649 1546 1692 incarnatione
1566 1648 1731 1692 domini
1744 1649 2090 1700 MLXXXXIIL,

238 1717 382 1761 indict.
403 1719 445 1770 I.,
490 1731 607 1762 anno
652 1731 753 1762 vero
787 1719 954 1762 domini
982 1720 1164 1763 Henrici
1193 1721 1322 1776 regni
1352 1721 1447 1775 ejus
1478 1720 1755 1772 XXXVIIII,
1788 1721 1960 1776 imperii
1988 1732 2089 1763 vero

237 1789 311 1832 IX.
346 1788 500 1833 Actum
533 1790 742 1845 Papiae.“

381 1870 531 1917 [Drepis
556 1882 582 1907 v
607 1872 729 1907 zbirki
767 1871 1012 1913 „Consultori
1040 1873 1078 1908 in
1114 1872 1217 1908 iure“
1253 1883 1277 1907 v
1302 1873 1505 1908 Benetkah
1540 1884 1562 1909 z
1595 1873 1675 1909 dat.
1711 1882 1768 1915 „a
1794 1873 1904 1919 regni
1937 1872 2017 1908 29.“
2047 1892 2088 1898 —

239 1930 460 1976 U9he11i‚
487 1931 596 1966 Italia
623 1941 748 1972 sacra,
775 1931 820 1973 V,
846 1932 904 1968 59.
941 1951 986 1956 ——
1018 1932 1193 1977 LUniq,
1229 1931 1323 1968 Cod.
1350 1933 1440 1978 dipl.
1467 1933 1612 1974 Italiae,
1639 1931 1698 1974 IV,
1727 1932 1831 1969 1534.
1869 1953 1909 1958 -
1936 1931 2088 1977 Tanql

237 2000 262 2024 ν
287 1990 427 2026 Archiv
453 1990 478 2026 f.
506 1990 643 2026 Kunde
670 1993 807 2026 osterr.
829 1990 1028 2036 Geschqu„
1055 1991 1130 2032 XII,
1158 1991 1226 2027 179
1251 2002 1272 2026 z
1300 1992 1378 2028 dat.
1407 1991 1489 2034 „1V.
1517 1992 1602 2028 idus
1623 1992 1792 2028 Martii¹‘.
1819 2010 1862 2015 —
1890 1991 2087 2031 Schumi,

238 2049 351 2086 Urk.-
378 2060 413 2085 u.
440 2050 677 2095 R29‚-Buch,
703 2050 727 2091 Ι,
754 2051 811 2091 67,
839 2053 886 2086 st.
912 2050 986 2095 59.]

375 2227 530 2273 1093·
1032 2167 1124 2235 St.
1150 2182 1298 2235 401.

378 2300 520 2352 Cesar¹
558 2300 724 2343 Henrik
758 2301 827 2343 IV.
871 2301 1021 2355 podeli
1067 2302 1344 2357 oqlejSkemu
1389 2301 1612 2355 patriflrhu
1659 2301 1854 2354 pravico,
1904 2301 1961 2342 da
1993 2312 2088 2343 sme

233 2372 473 2414 svobodno
509 2373 632 2414 voliti
666 2373 840 2427 puljske
874 2373 1018 2416 §kofa

376 2451 633 2497 [Odoricus
674 2454 731 2489 de
770 2452 1034 2495 Susannis.
1069 2454 1292 2489 Thesaurus
1332 2453 1428 2489 eccl.
1463 2452 1601 2498 Hqui1.‚
1638 2453 1698 2489 ed.
1731 2452 1899 2494 Bianchi,
1935 2462 1971 2498 p.
2006 2452 2086 2494 227,

234 2515 280 2548 st.
305 2513 376 2549 536
403 2512 539 2558 (req.).]

1022 2594 1114 2662 St.
1141 2609 1300 2661 402.

374 2715 529 2767 1093,
563 2728 599 2759 v
630 2716 859 2760 zaeetku
894 2715 1199 2760 decembra.

377 2787 444 2830 Ko
485 2789 525 2842 ie
559 2788 840 2843 solnoqraski
874 2788 1070 2831 nadskof
1102 2787 1290 2830 Tiemon
1322 2800 1352 2830 v
1384 2788 1573 2830 zafietku
1606 2799 1786 2830 meseca
1819 2786 2084 2829 decembral

233 2860 422 2912 posvetil
457 2851 776 2912 Sentpavelski
819 2863 1062 2910 samostfln,
1109 2859 1150 2914 ie
1197 2859 1361 2914 podelil
1407 2871 1429 2901 s
1474 2858 1852 2912 posredovanJem
1896 2858 2084 2912 svojeqa

232 2929 472 2971 odvetnika
515 2929 783 2985 Enqelberta
825 2933 890 2972 ter
931 2943 958 2972 z
1002 2930 1301 2984 dovoIJenjem
1344 2930 1488 2972 takrat
1520 2932 1785 2984 navzoffieqa
1817 2928 2009 2983 liudstva
2041 2928 2083 2970 in

233 3000 509 3043 duhovsc'fine
542 3001 725 3044 ondotni
758 3002 909 3044 cerkvi
942 3002 1053 3054 tretji
1086 3001 1157 3043 del
1190 3001 1336 3055 anmu
1371 2999 1675 3055 pripadaJOCih
1710 3000 1881 3042 desetin
1906 2998 1964 3042 od
1988 2997 2082 3041 treh
2126 3013 2129 3017 ·

231 3072 560 3114 samostanskih
599 3075 828 3126 posestev,
862 3073 903 3114 in
937 3073 1050 3114 sicer
1085 3084 1115 3114 v
1154 3070 1528 3125 Gorenjcahz
1568 3070 1883 3125 Grebinju3
1913 3070 1956 3112 in
1988 3068 2082 3111 Ᾱη-

374 3187 384 3205 ¹
404 3182 634 3222 Sentpavelski
655 3187 734 3222 opat
754 3186 844 3216 Ulrik
864 3187 885 3216 l.
905 3194 979 3216 nam
998 3195 1019 3216 v
1039 3186 1166 3223 tretiem
1192 3186 1348 3222 poglavju
1375 3186 1514 3222 svojega
1541 3186 1620 3215 Cod.
1640 3186 1722 3215 trad.
1742 3184 1965 3221 priooveduie,
1991 3184 2032 3213 da
2051 3183 2082 3219 je

231 3233 305 3269 qrof
325 3234 501 3269 Enqelbert
522 3234 543 3262 1.
569 3234 633 3263 leta
657 3238 733 3263 1091.
762 3234 851 3263 okoli
879 3238 902 3263 1.
922 3234 1007 3270 maja
1034 3233 1154 3270 podelil
1183 3241 1284 3262 razna
1316 3234 1476 3270 posestva
1505 3240 1640 3269 prvemu
1667 3234 1768 3269 opatu
1801 3228 2082 3268 Sentpavelskega

231 3282 423 3310 samostflna
444 3282 498 3317 (91.
519 3283 559 3310 st.
581 3283 656 3317 395).
676 3282 762 3311 Nato
783 3282 947 3318 nadaIJuie
969 3289 1071 3314 ..anno
1092 3281 1210 3310 dehinc
1231 3281 1404 3314 secundo“,
1424 3281 1483 3310 kar
1502 3280 1585 3310 kaie
1605 3288 1646 3310 na
1666 3281 1733 3310 leto
1754 3283 1832 3309 1093.

374 3330 384 3347 ²
405 3329 464 3364 Kje
485 3337 523 3357 so
545 3329 713 3365 Gorenjee.
735 3330 777 3365 9¹-
800 3329 866 3365 pod
886 3330 925 3359 st.
944 3333 1007 3358 395.

372 3377 383 3394 ³
405 3376 556 3412 Grebinje
576 3377 606 3412 je
627 3377 904 3406 severovzhodno
926 3377 968 3405 od
988 3376 1177 3406 Velikovca.
