2332 3704
1053 212 1107 253 St.
1128 219 1210 259 580.
1233 219 1315 254 381.
2039 222 2101 256 221

399 357 576 397 Necrol.
594 368 714 396 mon.
736 368 774 396 s.
794 358 922 395 Pauli
947 359 997 395 ad
1025 360 1101 396 kal.
1118 360 1198 405 Jan.
1218 376 1256 388 z
1277 361 1307 396 1.
1325 361 1403 405 jan.
1423 359 1576 404 (Hrdfiv
1594 361 1620 397 f.
1641 361 1826 401 Karntem
1853 362 1894 402 X.
1921 363 1998 406 l12):
2029 363 2108 404 „Fr.

252 417 507 463 Seqewinus.
546 419 610 463 qui
647 428 734 454 cum
760 418 963 454 Wezilone
997 419 1142 454 abbate
1175 429 1224 454 ex
1259 419 1465 465 Hirsauqia
1492 421 1544 455 ad
1568 430 1599 456 s.
1620 420 1778 456 paulum
1806 422 1923 462 venit,
1966 424 2106 466 postea

254 478 380 513 abbas
407 477 642 514 Rosazensis
671 478 776 513 iuxta
803 477 1084 524 Aquileqiam.“

395 547 628 585 Trithemii
660 548 777 587 Rnn.
805 548 1012 596 Hirsauq.
1042 550 1155 594 (Edit.
1173 550 1378 591 mabillon,
1414 551 1438 591 1,
1456 551 1563 594 ,270):
1602 550 1858 597 „Siqevvinus
1896 552 2106 588 monachus

254 618 341 644 cum
377 608 536 651 dommo
563 607 770 644 Wezilone
805 610 1105 654 praenominato
1139 610 1283 645 abbate
1319 611 1460 646 missus
1488 610 1617 645 fuerat
1644 611 1691 646 de
1719 613 1915 646 conventu
1946 611 2108 647 Hirsau-

254 667 380 713 qiensi
416 677 485 711 per
510 667 806 703 s.Wilhelmum
841 669 893 704 ad
920 669 1198 704 monasterIum
1224 669 1402 704 Lavense
1429 669 1466 704 in
1495 669 1751 709 carinthiam.
1791 670 1855 714 qui
1885 679 1972 705 cum
2000 673 2107 706 esset

253 727 313 762 vir
339 736 505 772 magnae
532 727 763 770 prudentiae
784 728 821 763 in
841 727 1027 762 abbatem
1054 727 1255 771 cuiusdam
1275 728 1501 763 monasterii
1523 737 1647 772 prope
1667 728 1885 774 Hquilejam
1904 729 1942 763 in
1970 727 2106 764 Scla-

253 786 411 828 vonia,
439 786 545 830 quod
571 786 703 822 Rohaz
731 789 988 831 nuncupatur,
1015 789 1155 831 postea
1184 787 1261 832 fuit·
1281 787 1496 822 ordinatus.
1524 787 1666 822 Verum
1693 788 1783 832 quia
1811 789 1885 823 hoc
1906 788 1991 823 sine
2009 797 2107 823 con—

251 854 371 881 sensu
398 845 554 881 abbatis
581 845 760 891 Hirsauq.
782 846 928 881 factum
956 847 1229 891 praesumpsit,
1258 847 1306 882 de
1327 847 1495 892 collegio
1517 847 1678 882 fratrum
1697 850 1837 882 sancto
1858 857 2000 883 nomen
2023 848 2106 883 eius

254 904 326 940 fuit
359 905 560 945 abrasum.
600 906 664 950 qui
692 906 937 950 poenitentia
964 906 1103 941 ductus
1130 906 1181 941 ad
1207 906 1454 952 Hirsaugiam
1482 907 1596 942 rediit>
1621 909 1659 941 et
1686 907 1872 942 abbatem
1900 907 2041 942 Rosazi
2068 908 2107 943 in

254 973 391 1000 manus
424 963 618 1000 Gebhardi
645 965 817 1006 abbatis,
853 966 916 1010 qui
945 975 976 1000 s.
997 965 1208 1001 Wilhelmo
1235 966 1441 1006 successit,
1475 965 1694 1011 resignans,
1730 966 1885 1001 veniam
1914 966 1962 1001 de
1989 975 2106 1010 prae-

252 1024 474 1067 sumptione
500 1023 694 1059 humiliter
721 1024 949 1068 postulavit.
976 1023 1100 1069 Quem
1125 1025 1251 1060 abbas
1279 1023 1510 1060 Gebhardus
1538 1025 1588 1060 ad
1615 1025 1950 1069 comprobandam
1980 1026 2107 1060 humi-

251 1082 400 1117 litatem
435 1083 699 1126 poenitudinis
734 1084 836 1123 eius.
874 1084 910 1118 in
944 1084 1078 1119 ultimo
1106 1084 1427 1129 congregationis
1454 1084 1544 1119 loco
1570 1084 1710 1119 sedere
1736 1084 1841 1119 fecit.
1878 1083 1993 1128 Quod
2019 1094 2105 1119 cum

250 1141 356 1176 illum
382 1141 575 1176 humiliter
600 1144 639 1177 et
666 1142 862 1187 patienter
887 1143 1082 1178 sustinere
1108 1145 1297 1183 cerneret,
1325 1143 1609 1187 poenitentiam
1636 1143 1670 1178 ei
1698 1153 1774 1178 non
1795 1143 1920 1178 solum
1942 1143 2106 1178 misera-

252 1200 378 1236 biliter
403 1201 604 1242 relaxavit,
631 1202 702 1237 sed
728 1202 847 1237 etiam
874 1202 925 1237 ad
950 1202 1151 1237 abbatiam
1179 1202 1318 1237 Rosazi
1347 1203 1581 1246 quantocius
1610 1202 1788 1238 remisit.“

1057 1343 1149 1410 st.
1177 1357 1313 1410 381.

392 1462 546 1515 1086,
581 1463 686 1507 dne
720 1463 806 1508 23.
835 1463 1124 1520 februaria.

393 1547 675 1603 Oglejski
709 1549 976 1602 patriarh
1017 1548 1307 1600 Friderik,
1343 1550 1384 1591 ki
1418 1550 1457 1602 je
1492 1549 1549 1590 bil
1583 1549 1885 1604 slovanskeqa
1918 1548 2104 1590 roduin

247 1632 300 1662 se
334 1620 424 1672 prej
465 1619 686 1662 imenoval
731 1619 994 1671 Svatobor,l
1039 1620 1080 1674 je
1126 1620 1273 1662 vladal
1317 1621 1356 1662 le
1399 1621 1620 1675 poldruqo
1666 1621 1787 1662 leto.2
1835 1620 2031 1663 Dosvetil
2063 1621 2104 1674 ie

251 1690 378 1743 13on1
411 1691 584 1747 grob-v
617 1691 807 1745 oqlejski
840 1692 991 1734 cerkvi
1023 1690 1183 1745 Marije
1208 1691 1375 1734 Device
1408 1695 1474 1734 ter
1505 1692 1655 1734 cerkvi
1678 1692 1740 1745 pri
1763 1692 1819 1745 tej
1846 1691 2105 1744 priloinosti

250 1762 415 1814 podelil
449 1762 651 1804 desetino
685 1775 714 1804 v
747 1761 968 1816 Skriljah3
1000 1763 1041 1803 in
1076 1763 1162 1804 dve
1197 1763 1359 1817 kmetiji
1392 1776 1420 1805 ν
1455 1762 1621 1817 Belinji.
1661 1762 1756 1804 Dne
1790 1762 1859 1805 23.
1881 1762 2104 1816 februaria
2162 1759 2165 1765 ’

251 1833 337 1874 leta
375 1831 498 1876 1086.
531 1845 583 1875 so
617 1845 674 1887 qa
707 1846 735 1875 ν
768 1834 868 1874 neki
901 1834 1056 1875 rabuki
1080 1834 1249 1875 umorili
1273 1835 1451 1889 nJeqovi
1485 1834 1628 1888 ljudje.
1662 1832 1840 1888 Njeqov
1872 1834 2104 1876 naslednik

247 1903 292 1957 je
325 1907 429 1946 nato
462 1904 959 1959 postalsentqallenski
993 1909 1101 1958 opat
1132 1904 1391 1948 Udalrik.
1924 1921 1939 1924 ·

393 1983 587 2021 Casuum
614 1984 658 2021 S.
679 1983 793 2022 Gaui
819 1985 1099 2022 continuatio
1126 1985 1177 2030 11,
1211 1996 1245 2022 c.
1264 1987 1284 2021 7
1311 1985 1416 2030 (ΜΟ.
1437 1985 1516 2027 SS„
1545 1986 1584 2026 11,
1614 1986 1711 2029 159):
1741 1986 1860 2028 „Nam
1886 1986 2102 2031 patriarcha

250 2044 538 2090 unilegiensis
566 2054 708 2091 genere
736 2044 900 2081 Sclavus
927 2055 950 2080 a
977 2045 1057 2081 suis
1083 2046 1250 2090 aliisque
1276 2045 1453 2090 profanis
1480 2046 1636 2081 occisus
1663 2048 1735 2086 est,
1771 2046 1832 2080 cui
1859 2044 2104 2086 Oudalricus‚

247 2104 375 2139 abbas
401 2103 513 2139 huius
540 2104 615 2139 loci
642 2103 711 2147 (se.
731 2103 770 2139 S.
791 2102 915 2148 Galli),
943 2105 1148 2147 successit.
1176 2104 1335 2140 Factum
1362 2107 1423 2140 est
1450 2107 1579 2140 autem
1607 2105 1682 2139 hoc
1709 2114 1813 2140 anno
1842 2104 1945 2144 1086,
1971 2107 2102 2140 trans—

249 2165 342 2199 acto
369 2162 522 2198 declmo
548 2163 708 2198 abbatie
735 2173 805 2199 sue
832 2165 972 2199 anno.“

391 2221 509 2258 Anu.
526 2221 793 2258 Bruuwilar.
814 2223 865 2258 ad
894 2232 929 2259 a.
951 2223 1043 2259 1086
1063 2222 1166 2267 (ΜΟ.
1188 2222 1269 2263 SS„
1295 2223 1388 2264 XVI,
1417 2223 1516 2266 725):
1546 2223 1649 2265 „Hoc
1668 2233 1774 2258 anno
1795 2223 2011 2258 Fridericus
2031 2232 2103 2267 pa-

247 2282 412 2317 triarcha
438 2281 699 2326 Aquileiensis
727 2282 763 2317 in
791 2282 1116 2328 quadragesima⁴¹
1143 2283 1407 2318 interficitur.“

391 2340 596 2377 Annales
620 2340 880 2387 Augustani
913 2343 964 2376 ad
990 2352 1022 2377 a.
1048 2342 1140 2379 1085
1166 2341 1269 2386 (ΜΟ.
1291 2341 1371 2383 SS..
1400 2342 1453 2382 111,
1484 2342 1584 2385 1311:
1622 2341 1858 2384 „Fridericus
1885 2342 2102 2387 patriarcha

250 2401 456 2442 occiditur;
483 2398 715 2436 Oudalricus
742 2401 869 2436 abbas
896 2401 944 2436 de
971 2403 1112 2437 sancto
1139 2401 1250 2437 Gallo
1277 2403 1505 2438 successit.“

391 2458 536 2496 Casus
571 2458 842 2495 monasterii
875 2459 1242 2497 Petrishusensis
1281 2460 1386 2503 (ΜΟ.
1413 2460 1494 2501 SS„
1528 2461 1603 2501 XX.
1637 2461 1738 2505 656):
1777 2461 1854 2502 „De
1891 2458 2112 2503 Oudalricox

248 2519 477 2563 patriarcha.
504 2518 621 2564 Igitur
646 2529 714 2554 rex
741 2519 943 2554 Heinricus
970 2520 1154 2555 abbatem
1182 2520 1408 2555 monasterii
1435 2521 1562 2555 sancti
1590 2519 1687 2555 Galli
1715 2520 1970 2564 patriarcham
1997 2519 2102 2563 apud

248 2577 494 2623 Hquileqiam
521 2578 725 2614 constituit
751 2580 790 2613 et
818 2580 1020 2623 utramque
1046 2581 1285 2624 potestatem
1313 2579 1459 2614 habere
1486 2579 1693 2623 permisit.“

391 2635 569 2672 Necrol.
591 2636 698 2673 eccl.
715 2635 866 2683 Aquil.
901 2637 1044 2680 (Leicht
1064 2648 1089 2673 v
1109 2637 1255 2683 Daqine
1275 2638 1466 2679 Friulane,
1491 2638 1558 2673 XV
1587 2637 1715 2682 [1903],
1743 2647 1779 2682 p.
1797 2637 1874 2681 65):
1905 2636 2100 2681 „Septimo

250 2695 438 2731 kalendas
472 2695 606 2731 Martii
640 2696 856 2732 Friderlcus
884 2697 1099 2740 patriarcha
1126 2697 1241 2737 obiit,
1277 2697 1342 2741 qui
1369 2697 1560 2732 decimam
1586 2697 1700 2732 villae
1728 2696 1908 2732 Scrilachi
1938 2698 1976 2732 et
2003 2696 2100 2731 duas

249 2755 499 2790 massaricias
527 2755 564 2791 in
590 2755 761 2791 Bellenia
790 2756 949 2800 quando
975 2757 1099 2791 altare
1125 2756 1295 2801 sepulcri
1323 2755 1600 2800 [consecravit]
1628 2756 1787 2791 dedit.¹‘⁵
2103 2796 2106 2800 s

392 2812 669 2861 Genealoqia
692 2813 997 2852 westinensis
1023 2814 1127 2859 (MG.
1148 2814 1228 2855 SS„
1255 2814 1381 2856 XXIII,
1407 2815 1506 2858 228):
1538 2815 1706 2851 „Hidda6
1733 2815 1863 2860 nupsit
1890 2815 1975 2850 duci
1996 2814 2099 2850 Boe-

250 2874 373 2909 mico⁷
399 2876 438 2909 et
464 2874 597 2919 genuit
623 2873 859 2910 Guntherum
887 2875 1168 2918 patriarchamss
1193 2876 1232 2909 et
1260 2877 1422 2910 matrem
1450 2874 1694 2910 Wichmanni
1722 2875 1769 2909 de
1798 2874 1935 2909 Cella.¹¹

392 2981 401 2997 ¹
422 2978 490 3014 Glei
512 2979 663 3015 Dalncku,
687 2979 799 3009 Gesch.
815 2988 846 3009 v.
862 2980 1018 3013 Bohmen,
1039 2980 1058 3013 l,
1079 2983 1139 3012 302,
1161 2987 1214 3015 op.
1232 2983 1291 3007 112.

392 3029 403 3046 “-’
422 3026 470 3056 Gl.
486 3029 526 3056 st.
541 3030 603 3055 3⁶1.

390 3076 401 3092 ³
421 3074 538 3110 Skrilje
558 3081 598 3103 so
617 3082 638 3103 v
658 3073 817 3110 Vipavski
837 3075 937 3103 dolini
958 3075 1113 3104 zahodno
1133 3075 1176 3104 od
1198 3074 1410 3110 deovseine.

393 3123 401 3140 ¹
421 3117 711 3151 Stiridesetdanski
731 3123 807 3158 post
826 3122 857 3157 je
877 3122 942 3151 leta
964 3126 1042 3151 1086.
1055 3122 1150 3157 trajal
1171 3122 1214 3151 od
1237 3126 1278 3150 18.
1294 3121 1459 3157 februaria
1480 3129 1520 3156 pa
1544 3121 1585 3149 do
1606 3124 1631 3149 5.
1647 3120 1759 3156 aprila.

390 3170 402 3187 ⁵
422 3168 487 3197 Kar
507 3176 543 3197 se
563 3169 627 3198 tlee
646 3169 793 3205 Bozjeqa
814 3170 918 3206 §roba
938 3178 959 3198 v
979 3169 1128 3206 Oqleiski
1149 3169 1269 3202 eerkvi,
1290 3169 1351 3205 qlej
1375 3169 1456 3198 Dom
1478 3170 1508 3197 in
1530 3169 1618 3199 Svet,
1639 3168 1693 3196 XX
1713 3170 1817 3202 (1907),
1839 3169 1896 3197 str.
1915 3171 1974 3195 445.

390 3217 402 3234 ⁶
423 3216 486 3247 Ida.
508 3216 560 3244 hel
581 3216 798 3252 wettinskeqa
820 3215 914 3252 §rofa
935 3217 1086 3245 Tiderika
1109 3216 1142 3245 ΙΙ.

390 3265 400 3282 ⁷
421 3259 517 3293 Ceski
538 3263 682 3299 vojvoda
703 3263 886 3299 Spitiqnjev
907 3264 952 3296 11„
974 3264 1006 3293 kl
1025 3264 1055 3299 je
1076 3263 1183 3293 vladal
1204 3264 1247 3293 od
1270 3266 1456 3292 1055--1061,

387 3314 399 3329 ”
418 3311 467 3340 To
492 3311 522 3346 ie
551 3310 695 3346 patriarh
722 3311 878 3341 Friderlk.
913 3311 1047 3347 Daladzu
1079 3311 1174 3345 misll,
1208 3312 1249 3340 da
1280 3311 1310 3346 je
1332 3311 1406 3340 neki
1426 3310 1655 3346 prepisovalec
1676 3311 1737 3339 ime
1759 3310 1938 3340 „Suanmw
1963 3309 2037 3338 eital
2059 3316 2098 3338 za

250 3356 442 3387 „Guntherfl-
