2332 3704
1045 197 1102 240 St.
1120 204 1203 240 385.
1979 202 2049 238 225

198 359 271 388 suo
297 351 378 396 jure
405 359 453 386 ex
481 349 546 394 pia
573 348 786 384 devotione
813 347 988 383 dederat.
1024 345 1187 382 Constat
1214 346 1374 390 insuper
1399 345 1505 390 quod
1531 345 1690 380 illustris
1725 343 1907 381 dominus
1933 345 2049 380 Hein-

199 411 300 446 ricus
329 408 500 446 Goritiae
534 417 668 444 comes
705 407 811 442 dedit
845 409 883 443 et
918 406 1080 442 donavit
1118 414 1236 450 supra
1275 405 1422 449 scripto
1464 404 1705 440 monasterio
1743 406 1962 440 contratam
2001 405 2049 440 de

198 469 324 505 Pletio
345 478 432 504 cum
451 468 631 503 omnibus
650 466 923 512 adjacentibus
944 464 1144 501 montibus
1163 464 1316 509 alpibus
1337 466 1376 499 et
1397 464 1651 508 pertinentiis.
1678 473 1842 508 quorum
1861 463 2048 499 montium

199 529 297 564 fines
323 529 408 564 sive
435 527 588 563 termini
613 535 751 562 versus
778 525 997 561 Tarvisiam
1023 526 1063 559 et
1090 524 1246 569 plagam
1272 522 1621 568 septentrionalem
1647 523 1910 559 extenduntur
1927 532 2050 567 usque

199 588 252 624 ad
278 587 491 623 dominium
519 585 833 622 reverendissimi
863 584 1010 620 domini
1036 584 1211 628 episcopi
1244 582 1558 627 Bamberqensis,
1583 591 1722 618 versus
1744 584 1875 618 autem
1895 582 2050 628 plagam

200 647 430 684 orientalem
457 655 581 691 usque
601 645 651 681 ad
671 645 884 680 dominium
911 643 1151 679 serenissimi
1179 642 1324 678 domini
1351 641 1609 676 maximiliani
1635 641 1879 677 invictissimi
1906 641 2049 677 Roma-

199 716 339 742 norum
374 706 498 751 regis,
534 713 670 741 versus
705 713 801 739 vero
831 703 1048 739 Tulminum
1085 704 1125 738 et
1159 701 1317 746 plagam
1351 700 1561 736 australem
1594 709 1716 745 usque
1752 700 1803 735 ad
1838 700 2048 736 dominium

200 766 370 802 civitatis
412 765 594 802 Rusti-iae
621 765 660 799 et
685 773 823 799 versus
859 763 1015 808 plagam
1050 761 1335 797 occidentalem
1371 770 1494 805 usque
1527 760 1579 795 ad
1614 760 1800 796 ditionem
1834 760 2051 796 illustrissi-

201 836 351 862 morum
389 826 631 862 dominorum
669 824 810 859 ducum
830 822 1076 858 Venetiarum
1108 830 1194 857 cum
1230 820 1330 856 infra
1363 820 1516 864 scriptis
1553 819 1715 860 ruribus.
1748 819 1848 855 villis
1875 822 1915 855 et
1940 820 2050 861 locis,

199 886 405 921 videlicet:
433 883 588 924 Sedula,
614 883 783 919 Boriana
812 883 947 927 major.
978 881 1147 916 Boriana
1177 881 1313 920 minor,
1338 879 1508 920 Petalen,
1535 878 1670 920 Creda,
1697 879 2051 920 Melisca‚1drisca‚

201 945 371 986 Livisca;
409 952 528 988 super
551 942 791 978 Tulminum:
829 941 940 982 Idria,
974 940 1125 981 Livina;
1160 940 1197 975 in
1230 939 1333 974 valle
1360 939 1574 974 Runzinae:
1606 930 2050 980 Runzina‚'Modrussa,

200 1004 354 1045 Descla,
381 1001 557 1043 Obersel‚
592 1001 792 1047 Pod090r‚
829 999 1059 1040 Lucenicha,
1095 999 1251 1039 Mossa.
1283 1001 1503 1043 sanctoque
1529 996 1756 1040 Laurentio;
1791 999 1829 1033 in
1861 996 2052 1034 Collibus:

201 1062 350 1099 Sancto
376 1061 563 1102 Martino,
591 1059 759 1101 Cosana.
787 1059 939 1100 Culsca.
971 1058 1174 1100 Cormons,
1201 1058 1358 1099 Medea,
1379 1058 1514 1099 Versa,
1544 1058 1728 1099 Romans,
1748 1057 1942 1099 Villessio‚
1973 1057 2050 1093 Co—

201 1121 379 1161 ronzadi,
405 1120 575 1160 Butaria,
608 1119 776 1159 Locunz.
809 1128 897 1154 cum
925 1127 1004 1154 uno
1035 1118 1152 1154 etiam
1180 1127 1318 1153 manso
1345 1118 1444 1153 ultra
1475 1118 1617 1153 flumen
1638 1117 1794 1162 Wipaci
1820 1118 1893 1152 sub
1919 1119 2051 1152 castro

201 1180 448 1225 norinbergo
483 1182 522 1215 et
555 1179 642 1215 aliis
678 1179 873 1214 nonnullis
910 1178 1025 1218 locis,
1062 1178 1210 1213 mansis
1245 1179 1284 1212 et
1319 1178 1501 1222 praediis.
1540 1176 1660 1213 Simili
1687 1177 1803 1212 etiam
1832 1176 1950 1212 modo
1982 1184 2051 1220 per

201 1240 494 1275 successionem
520 1238 774 1274 haereditatis
801 1238 892 1284 juris
913 1237 1159 1273 dominorum
1181 1237 1321 1272 ducum
1342 1236 1564 1272 Carinthiae
1591 1245 1660 1281 per
1684 1236 1851 1272 illustres
1870 1236 2050 1271 dominos

201 1299 476 1345 maynardum.
511 1298 795 1343 Marquardum
830 1299 869 1333 et
904 1297 1112 1332 Henricum
1147 1295 1320 1332 Goritiae
1355 1295 1518 1331 comites
1553 1304 1766 1340 eorumque
1797 1304 2050 1331 successores

201 1358 408 1403 praefatae
434 1358 620 1394 abbatiae
647 1357 862 1393 Rosacensi
889 1357 994 1398 data,
1022 1356 1166 1391 collata
1193 1357 1232 1391 et
1258 1355 1406 1391 donata
1432 1354 1589 1390 fuerunt
1619 1355 1657 1390 in
1692 1355 1866 1399 partibus
1893 1353 2051 1390 Carsiae

201 1428 289 1454 rura
321 1428 392 1454 seu
426 1418 544 1454 villae
581 1417 742 1453 inferius
778 1417 1002 1462 descriptae
1039 1415 1189 1452 scilicet
1224 1414 1397 1461 Cesana,
1433 1413 1622 1455 Siriacha,
1656 1413 1868 1455 Merzana,
1902 1414 2050 1455 Danna,

201 1480 340 1514 sancta
367 1478 496 1513 Maria
522 1478 596 1513 sub
632 1479 766 1512 castro
793 1476 982 1516 Cesanae,
1009 1477 1148 1511 sancta
1175 1474 1292 1515 Crux,
1326 1474 1539 1514 Udalacha,
1571 1473 1857 1515 Dobracilicha,
1892 1472 2051 1514 Codina.

202 1536 345 1581 Scopa,
375 1536 605 1582 Scopuladi‚
632 1535 838 1576 Gabraviz,
866 1535 1088 1575 Pliscavitz,
1114 1534 1298 1575 Goriano,
1319 1533 1474 1574 Vosiza,
1500 1532 1701 1568 Hlbacella
1728 1534 1767 1568 et
1793 1532 1977 1568 Selazadi
2013 1535 2051 1568 et

202 1596 490 1649 nonnulladalia
516 1598 633 1637 bona,
659 1597 771 1632 villas
799 1598 838 1631 et
863 1596 985 1631 loca.“

345 1667 478 1704 Vitae
520 1666 872 1714 patriarcharum
910 1664 1274 1712 Aquileiensium
1316 1666 1478 1700 auctore
1515 1663 1607 1700 Ant.
1632 1664 1795 1700 Bellono
1834 1663 2052 1715 (muratori,

202 1727 288 1763 Rer.
309 1727 390 1762 Ital.
409 1727 563 1772 Script.‚
600 1726 694 1767 XVI,
727 1726 807 1771 llO):
847 1724 1077 1768 „Odalricus
1111 1727 1224 1770 patre
1255 1724 1478 1770 Meunardo
1505 1723 1677 1760 Goritiae
1710 1724 1853 1760 comite
1888 1725 2051 1760 antistes

202 1787 463 1831 Hquilejensis
490 1788 646 1822 creatus
685 1787 746 1821 est
765 1813 772 1821 .
794 1814 802 1821 .
822 1813 830 1821 .
849 1785 883 1821 Is
912 1794 1017 1820 anno
1039 1813 1048 1820 .
1070 1812 1078 1820 .
1100 1812 1109 1820 .
1127 1794 1245 1829 supra
1281 1784 1525 1820 millesimum
1551 1783 1739 1829 religione
1765 1783 1948 1828 percitus¹
1973 1783 2052 1819 Ro-

203 1846 299 1881 sacii
328 1845 608 1881 monasterium
635 1845 922 1889 basilicamque
949 1844 987 1880 in
1013 1844 1203 1880 honorem
1229 1844 1335 1879 beati
1361 1843 1465 1879 Petri
1491 1844 1678 1884 extruxit,
1710 1844 1855 1879 abbate
1881 1843 2051 1880 Geroldo

204 1905 420 1940 constituto
455 1905 528 1940 sub
561 1905 696 1950 regula
729 1905 857 1940 sancti
890 1903 1109 1945 Benedicti,
1142 1903 1348 1948 multisque
1382 1903 1535 1939 collatis
1571 1903 1684 1939 donis
1719 1913 1767 1938 ac
1798 1904 2051 1947 proventibus

205 1964 349 2000 additis
376 1974 425 2000 ex
451 1974 549 2010 agro
576 1962 764 2000 Olearum
790 1963 921 1999 fundis
948 1963 1097 2004 decem,
1136 1971 1235 2007 quos
1272 1962 1400 2007 patrio
1427 1972 1535 1998 more
1571 1972 1730 1998 mansos
1765 1972 1965 2004 vocamus,
2004 1973 2052 1998 ex

205 2033 302 2069 agro
326 2023 527 2059 Paseliani
552 2033 576 2058 a
603 2023 723 2059 Prato
751 2023 987 2068 quibusdam
1014 2021 1112 2058 aliis.
1140 2021 1404 2058 l-lccesserunt
1430 2023 1476 2058 iis
1503 2031 1551 2058 ex
1578 2022 1786 2068 meynardi
1812 2022 1933 2067 patris
1968 2023 2052 2068 ejus

204 2085 440 2120 liberalitate
474 2084 583 2119 fundi
619 2085 775 2119 centum
810 2083 1108 2128 quinquaqinta,
1143 2082 1299 2128 adjecta
1334 2082 1384 2116 ab
1419 2081 1587 2117 Henrico
1622 2082 1704 2127 eius
1737 2081 1856 2117 fratre
1888 2081 2052 2117 Brazani

205 2143 319 2188 plebe
346 2152 433 2179 cum
460 2143 635 2188 capellis,
661 2143 827 2184 filiabus,
854 2142 1015 2178 decimis
1043 2144 1082 2177 et
1108 2141 1315 2186 quartesiis
1341 2151 1388 2177 ac
1415 2141 1576 2176 basilica
1603 2142 1730 2177 sancti
1749 2141 1934 2187 Johannis
1953 2140 2050 2177 Cor-

206 2202 310 2238 moni
337 2212 424 2237 cum
453 2202 647 2238 nonnullis
685 2202 880 2238 montibus
916 2211 988 2237 nec
1015 2211 1095 2237 non
1121 2201 1283 2236 basilica
1317 2201 1445 2236 sancti
1478 2200 1660 2236 Hndreae
1696 2210 1783 2236 cum
1819 2201 2050 2246 quibusdam

205 2261 335 2297 fundis
363 2258 537 2308 ex'aqro
564 2261 908 2307 justinopolitano.
933 2260 1094 2296 Hddidit
1119 2259 1308 2296 Henricus
1335 2260 1478 2296 fundos
1506 2270 1554 2295 ex
1579 2270 1677 2306 aqro
1695 2260 1813 2295 Plecii
1832 2270 1918 2295 cum
1937 2270 2050 2296 mon-

203 2323 308 2357 tibus
336 2322 619 2367 adiacentibus,
646 2331 694 2357 ex
719 2322 825 2367 agris
852 2318 1033 2362 Sedulae.
1059 2321 1259 2364 utriusque
1286 2320 1479 2355 Borianae
1506 2320 1664 2364 majoris
1691 2322 1730 2355 et
1756 2320 1927 2360 minoris,
1953 2320 2050 2355 Dot-

204 2381 331 2421 talchi,
359 2380 519 2421 Credae,
546 2380 770 2420 Melischae,
797 2380 1022 2415 Livvisdiae
1048 2389 1165 2424 supra
1186 2379 1415 2420 Tulminum,
1442 2379 1576 2420 Idriae.
1603 2379 1787 2420 Liviniae‚
1814 2379 1925 2415 vallis
1946 2379 2051 2414 Ron-

206 2441 330 2479 cinae.
356 2439 607 2480 Modrussae,
635 2439 796 2479 Ideslae,
817 2437 1008 2479 Oberscli,
1028 2439 1233 2484 Dodeqeri,
1252 2438 1490 2479 Lucinidiae‚
1509 2438 1686 2479 Mossae,
1707 2437 1841 2474 Sancti
1856 2438 2052 2474 Laurentii

207 2500 246 2534 in
264 2498 452 2539 Collibus,
479 2498 613 2534 Sancti
632 2498 807 2538 Martini,
827 2498 1003 2539 Cossani.
1031 2497 1226 2538 Culsdme,
1258 2497 1451 2538 Cormoni,
1477 2497 1652 2539 Medtae,
1671 2497 1830 2538 Versae,
1856 2498 2052 2539 Romami,

208 2558 392 2603 Viqlessi,
419 2558 701 2598 Inceranzachi.
729 2557 948 2598 Buttaviae,
976 2557 1175 2593 Locarizzi
1203 2559 1241 2592 et
1267 2556 1388 2592 fundo
1416 2566 1494 2592 uno
1520 2558 1628 2592 trans
1653 2557 1796 2592 flumen
1816 2557 1953 2602 Vipaci
1979 2557 2051 2593 sub

208 2617 356 2662 oppido
381 2617 639 2662 Dorimberqi.
674 2615 806 2652 Oblati
836 2619 926 2652 sunt
952 2620 992 2652 et
1019 2626 1042 2652 a
1068 2616 1301 2662 Meunardo,
1337 2616 1580 2661 Marquardo
1614 2618 1653 2652 et
1688 2616 1855 2652 Henrico
1888 2616 2051 2661 aliisque

208 2675 420 2712 Goritianis
446 2676 655 2712 comitibus
682 2676 789 2712 fundi
815 2677 854 2711 in
873 2675 1003 2711 Carsis
1023 2685 1071 2711 ex
1092 2676 1196 2721 agris
1217 2674 1405 2717 Cesanae,
1424 2675 1640 2717 Seriachae‚
1661 2676 1885 2716 Merzanae,
1906 2675 2051 2717 Danae.

210 2735 383 2771 Sanctae
409 2735 562 2771 Mariae
589 2735 662 2771 sub
696 2735 844 2781 oppido
878 2734 1075 2777 Cesanae,
1108 2735 1279 2771 Sanctae
1306 2734 1456 2776 Crucis,
1490 2735 1726 2776 Udalachae,
1759 2735 2052 2776 Dobraulichae,

210 2794 399 2835 Codinae,
426 2794 588 2839 Sropae‚
616 2794 857 2840 Scopulachi,
890 2794 1108 2836 Gabravizi.
1141 2794 1365 2835 piscavizzi.
1401 2793 1591 2835 Goriansi,
1618 2795 1798 2836 Vosizae.
1831 2794 2051 2830 l-llbarellae

211 2856 249 2889 et
276 2853 451 2889 Selzachi
477 2855 516 2890 et
543 2854 813 2899 quamplurimi
838 2854 916 2890 alii.
940 2854 1230 2891 Monasterium
1267 2854 1421 2890 Rosacii
1454 2855 1684 2890 liberalitate
1718 2854 1903 2889 comitum
1939 2853 2051 2890 Gori-

212 2914 409 2949 tianorum
435 2922 484 2948 ne
511 2913 638 2949 dicam
664 2913 893 2958 profusione
918 2915 999 2949 tam
1025 2914 1251 2959 opulentum
1285 2914 1503 2950 redditur.¹“

352 3020 361 3037 ¹
382 3018 502 3054 29oraj
531 3018 701 3048 navedena
731 3019 961 3055 zqodovinska
980 3019 1052 3048 vira
1072 3020 1124 3048 sta
1144 3020 1174 3048 iz
1196 3022 1237 3048 15.
1253 3020 1284 3048 in
1306 3022 1348 3048 16.
1364 3019 1495 3054 stoletja
1516 3020 1546 3047 in
1566 3021 1604 3047 ze
1625 3018 1726 3047 zarad
1739 3018 1815 3054 teqa
1835 3025 1875 3047 ne
1894 3017 2054 3047 zasluzita

209 3066 401 3102 posebneqa
428 3066 654 3102 apostevanjn.
675 3066 786 3095 Razen
809 3067 886 3103 tega
907 3066 1007 3095 imata
1030 3074 1150 3103 mnogo
1171 3066 1376 3096 neresnienih
1398 3067 1428 3095 in
1449 3065 1649 3101 neverjetnih
1670 3065 1800 3095 trditev.
1822 3065 1888 3095 Ker
1907 3073 1944 3094 se
1963 3066 1993 3101 je
2013 3074 2054 3095 na

210 3114 343 3150 podlaqi
363 3113 419 3142 teh
439 3114 534 3142 virov
554 3113 706 3149 marsikai
728 3113 835 3149 pisalo
855 3122 875 3144 o
896 3114 1044 3151 gorsskih
1066 3114 1183 3151 grofih,
1205 3114 1263 3143 kar
1283 3122 1323 3143 ne
1344 3113 1525 3149 odqovarja
1545 3113 1672 3146 resnici,
1692 3120 1728 3142 se
1748 3113 1790 3141 mi
1810 3113 1862 3141 zdi
1882 3113 2052 3149 potrehno,

209 3162 250 3190 da
271 3169 291 3190 ο
311 3161 387 3197 njiju
409 3160 561 3190 nekoliko
582 3161 834 3198 izpreqovorim.

351 3208 382 3238 V
406 3215 518 3244 prvem
538 3208 610 3237 viru
629 3216 666 3237 se
687 3209 849 3245 omeniajo
870 3209 986 3238 letnice
1008 3213 1084 3243 1060,
1115 3213 1182 3238 1075
1203 3210 1233 3238 in
1255 3212 1332 3237 1083.
1363 3209 1429 3238 Ker
1448 3209 1478 3244 je
1499 3208 1638 3245 oglejski
1658 3208 1801 3243 patriai-h
1822 3208 1954 3237 Udalrik
1975 3208 1996 3236 1.
2018 3210 2054 3236 se

211 3256 240 3286 le
260 3257 326 3286 leta
348 3260 426 3285 1086.
447 3256 591 3292 nastopil
611 3257 704 3293 svoje
725 3257 965 3293 dostoianstvo,
987 3265 1028 3290 ne
1047 3258 1172 3293 moreio
1192 3258 1248 3286 biti
1268 3258 1300 3286 te
1320 3257 1436 3286 letnice
1457 3264 1568 3289 prave.

352 3304 427 3333 Drvi
449 3305 528 3340 opat
548 3312 569 3333 v
590 3304 723 3334 Rozacu
742 3305 773 3340 je
792 3305 836 3333 hil
856 3304 1003 3341 Sigewin
1023 3305 1079 3341 (91.
1095 3307 1135 3334 st.
1150 3308 1224 3340 377).
1249 3304 1338 3334 Nasa
1358 3304 1422 3333 dva
1442 3305 1511 3333 vira
1532 3311 1574 3340 pa
1594 3304 1746 3340 navajata
1766 3304 1892 3340 nekeqa
1913 3303 2053 3333 Gerolda

212 3351 269 3381 kot
288 3351 483 3388 takratneqa
504 3352 618 3388 opatu:
638 3352 721 3382 eden
741 3352 847 3382 izmed
866 3352 943 3388 njiju
964 3353 1058 3388 pravi
1077 3355 1113 3382 se
1134 3353 1205 3382 celo
1226 3360 1246 3381 ο
1266 3352 1359 3388 niem,
1380 3352 1420 3381 da
1440 3351 1470 3387 je
1489 3351 1532 3381 bil
1553 3352 1624 3388 prvi
1643 3352 1775 3381 rozaski
1796 3352 1884 3388 opat.

1865 3413 1912 3448 20
