2332 3704
244 213 313 248 202
1081 204 1138 249 St.
1155 213 1237 248 342.

241 358 296 399 da
328 358 369 411 ie
403 357 490 399 bila
523 357 715 412 njeqova
759 357 970 399 izvolitev
1008 357 1228 399 zakonita.
1274 356 1343 399 Ko
1389 369 1446 412 qa
1486 357 1527 412 Je
1573 360 1719 412 pape}
1765 359 1915 413 grajah
1959 359 2016 401 da
2047 360 2087 414 je

240 429 353 482 proti
399 428 652 470 cerkvenim
697 427 935 470 dolocbam
979 428 1140 481 spreJel
1184 429 1444 470 investituro
1487 428 1547 471 od
1589 431 1807 483 posvetne
1855 430 2009 478 osebe.
2047 431 2087 483 je

238 500 372 553 javno
417 499 623 554 priseqel¹
658 499 714 540 da
747 499 789 540 ni
822 499 954 541 vedel
986 510 1043 540 za
1074 503 1120 541 to
1155 499 1349 542 dolocbo
1392 500 1434 541 in
1479 501 1548 542 nic
1587 512 1613 542 o
1658 500 1742 554 njej
1776 501 1928 543 slisal.¹
1961 500 1999 543 K
2030 503 2086 554 tej

238 570 371 623 izjavi
405 582 462 625 qa
491 570 532 624 je
565 570 746 623 prisilila
779 570 951 621 sinoda,
986 571 1028 611 ki
1061 582 1110 612 se
1142 570 1183 624 Je
1216 570 1360 612 takrat
1391 570 1544 612 zbrala
1578 583 1607 613 v
1641 570 1779 612 Rimu.
1817 570 1934 615 Nato
1967 584 2016 614 se
2047 573 2087 627 ie

238 641 338 694 zanj
372 642 609 695 poteqnila‚
655 641 711 683 da
745 653 816 683 mu
849 642 890 695 je
924 643 1069 695 pape}
1115 640 1278 694 podelil
1321 645 1484 694 prstan,
1524 642 1676 701 palico
1722 643 1763 683 in
1806 642 1947 697 druqa
1978 655 2087 684 zna-

239 712 383 766 menia
416 713 698 767 cerkvenega
731 712 1058 766 dostojanstva,
1091 712 1149 754 ko
1182 723 1254 753 mu
1287 712 1327 765 ie
1359 725 1386 754 z
1419 713 1651 767 naslednjo
1695 713 1874 768 priseqo
1907 713 2089 766 obljubil

240 783 536 835 pokorscino:

385 850 482 904 „Od
515 857 557 895 te
592 866 667 895 ure
700 854 742 895 in
775 867 804 896 v
837 854 1014 897 bodoce
1046 855 1204 897 hocem
1249 855 1324 897 biti
1362 858 1492 897 zvest
1535 855 1577 896 in
1620 855 1821 908 pokoren
1854 867 1919 897 sv.
1942 854 2088 905 Detru,

239 927 415 978 papeiu
450 924 667 980 GregorJu
700 926 741 967 in
774 925 998 980 njeqovim
1031 926 1354 977 naslednikom,
1389 927 1540 968 katere
1574 926 1616 968 bi
1650 926 1803 968 izbrali
1836 926 1966 980 boljsi
1986 926 2088 968 kar-

238 996 382 1038 dinali.
416 995 484 1038 Ne
518 996 682 1039 bodem
715 1009 763 1038 se
799 997 1060 1039 udeleieval
1093 997 1318 1052 naklepov
1350 998 1392 1039 in
1425 998 1571 1046 cinov,
1611 998 1654 1039 ki
1687 997 1730 1040 bi
1763 997 1836 1039 bili
1867 997 2088 1051 Zivljenju‚

236 1067 422 1121 zdraVJu
455 1068 498 1109 in
531 1067 692 1110 oblasti
725 1068 949 1123 rimskeqa
993 1071 1169 1122 papeia
1213 1082 1242 1111 v
1284 1069 1431 1111 skodo
1471 1070 1513 1111 in
1552 1069 1594 1111 ki
1638 1069 1681 1110 bi
1723 1068 1880 1111 nastali
1912 1069 1954 1110 iz
1986 1080 2089 1122 pre-

238 1141 397 1193 gresne
432 1139 725 1192 poZeljivobsti.
760 1138 798 1180 K
830 1139 989 1190 sinodi,
1022 1139 1050 1181 h
1084 1140 1222 1182 kateri
1245 1152 1315 1182 me
1336 1140 1511 1194 poklice
1545 1142 1691 1195 papeZ
1720 1151 1829 1191 sam,
1865 1151 1923 1193 po
1945 1139 2089 1194 svojih

238 1210 468 1263 poslancih
502 1210 557 1251 ali
591 1221 648 1263 pa
681 1223 703 1252 s
726 1211 886 1264 svojim
920 1212 1124 1264 pismom,
1159 1211 1317 1253 hocem
1341 1212 1439 1265 priti
1461 1215 1526 1253 ter
1549 1223 1607 1265 po
1630 1211 1856 1265 predpisih
1890 1211 2089 1266 uboqati;

237 1281 324 1323 ako
357 1293 412 1323 ne
446 1281 488 1322 bi
524 1282 671 1336 moqel
695 1282 806 1335 priti,
840 1282 998 1324 hocem
1022 1282 1183 1335 poslati
1205 1282 1392 1337 svojeqa
1413 1283 1638 1337 poslanca.
1672 1281 1905 1337 Domaqati
1931 1282 2089 1324 hocem

239 1353 345 1394 brez
387 1353 531 1395 Skode
563 1365 621 1395 na
653 1353 781 1407 svoje
821 1353 1146 1406 dostojanstvo,
1187 1354 1244 1395 da
1287 1366 1337 1396 se
1380 1354 1579 1408 ohranijo
1623 1354 1665 1395 in
1708 1353 1877 1408 branij0
1922 1352 2088 1413 rimsko

237 1426 459 1478 papestvo
483 1424 526 1465 in
550 1436 606 1478 pa
630 1423 810 1479 regalije
843 1436 909 1466 sv.
933 1423 1076 1466 Petra.
1109 1417 1357 1475 Nasvetov,
1392 1426 1542 1467 katere
1567 1424 1610 1466 bi
1633 1425 1689 1466 mi
1719 1425 1880 1478 papeZi
1912 1423 2090 1477 zaupali

240 1495 426 1546 osebno,
461 1507 519 1549 po
555 1496 784 1549 poslancih
817 1495 873 1537 ali
906 1507 964 1549 pa
996 1496 1214 1549 pismeno,
1248 1496 1291 1537 bi
1323 1496 1517 1538 vedoma
1559 1495 1811 1538 nobenemu
1843 1507 1898 1537 ne
1931 1494 2089 1536 razkril

238 1579 268 1608 v
300 1566 388 1620 njih
421 1566 580 1609 Skodo.
614 1566 763 1608 Kadar
796 1567 839 1608 bi
871 1567 1006 1620 prisel
1039 1567 1095 1608 ali
1128 1579 1186 1621 pa
1219 1567 1346 1610 odsel
1377 1568 1527 1609 rimski
1572 1568 1702 1622 legat,
1747 1567 1904 1609 hocem
1937 1568 2088 1620 spost-

239 1637 343 1691 ljivo
376 1640 403 1679 Ζ
436 1637 538 1692 njim
571 1638 742 1680 ravnati
783 1638 826 1679 in
868 1650 940 1679 mu
986 1639 1213 1693 pomaqati
1254 1652 1283 1681 v
1327 1638 1558 1692 potrebah.
1603 1637 1635 1680 S
1669 1638 1830 1688 tistimi,
1864 1638 1906 1679 ki
1940 1637 1983 1678 bi
2017 1637 2089 1678 bili

240 1709 444 1751 izobceni
476 1710 518 1750 iz
550 1710 726 1760 cerkve,
761 1722 816 1751 ne
851 1709 955 1752 bom
982 1710 1176 1752 vedoma
1199 1710 1400 1752 obceval.
1432 1709 1535 1752 Hko
1560 1709 1602 1751 bi
1626 1709 1683 1751 bil
1708 1720 1899 1763 pozvan,
1932 1708 2090 1750 hocem

239 1792 261 1822 s
294 1782 545 1834 posvetnim
578 1781 835 1833 vojastvom
867 1783 1028 1823 zvesto
1061 1782 1289 1836 pomaqati
1322 1780 1488 1823 Rimski
1522 1781 1685 1823 cerkvi.
1729 1779 1821 1822 Vse
1853 1783 1899 1822 to
1932 1779 2089 1822 hocem

239 1852 480 1894 izvrsevati
513 1863 648 1894 razen
680 1852 836 1903 takrat,
871 1852 1018 1907 kadar,
1044 1852 1086 1893 bi
1119 1855 1265 1906 papeZ
1299 1851 1466 1894 dovolil
1499 1852 1617 1894 kako
1650 1851 1849 1906 izjemo.“

382 1922 536 1974 „Anno
570 1922 627 1966 ab
660 1923 962 1966 incarnatione
993 1924 1248 1978 sempiterni
1271 1923 1480 1978 principii
1508 1922 1736 1965 millesimo
1764 1921 2090 1977 septuagesimo

239 2005 366 2044 nono,
398 2005 546 2036 mense
577 1993 817 2045 Februarii,
850 1993 1083 2036 indictione
1114 1995 1320 2045 secanda,
1346 1993 1638 2048 pontificatus
1669 2005 1769 2036 vero
1802 1992 1953 2036 domni
1978 1990 2089 2036 Gre-

235 2065 357 2119 gorii
385 2064 645 2107 aniversalis
670 2065 901 2119 pontificis
931 2065 1108 2120 septimi
1137 2077 1253 2107 anno
1284 2067 1502 2108 sexto...
1536 2065 1579 2107 in
1603 2063 1788 2107 ecclesia
1810 2061 2091 2107 Salvatoris.“

382 2144 572 2191 [Gregorii
592 2145 669 2181 Vll.
683 2146 849 2190 registri,
876 2145 937 2187 Vl,
966 2145 1039 2180 17ει
1059 2145 1382 2181 vVatikanskem
1401 2145 1536 2180 arhivu
1555 2155 1582 2180 v
1604 2144 1726 2180 Rimu.
1755 2165 1795 2170 —
1823 2143 1967 2190 Jaffe',
1993 2143 2090 2179 Bibl.

241 2214 314 2240 rer.
331 2203 469 2246 Germ„
497 2205 536 2246 11,
561 2204 767 2241 352-355.
797 2225 837 2230 —
865 2204 1072 2246 Rubeis,
1098 2204 1210 2240 Mon.
1229 2205 1324 2240 eccl.
1343 2204 1481 2249 Aquil„
1509 2204 1584 2239 col.
1604 2203 1699 2248 539]

383 2276 607 2332 Primerjaj
640 2278 756 2320 tudi:

381 2356 617 2408 Berthpldi
649 2357 853 2395 Annales
881 2359 932 2394 ad
958 2368 993 2395 a.
1016 2359 1108 2395 1079
1134 2357 1239 2403 (ΜΕ.
1259 2357 1340 2400 SS.,
1367 2358 1412 2400 V,
1437 2357 1540 2402 317J:
1579 2357 1802 2399 „Heinricus
1827 2355 2089 2402 Huqustensis

241 2417 424 2459 clericus,
463 2418 527 2462 qui
554 2428 576 2453 a
604 2427 695 2464 rege
731 2418 914 2454 Heinrico
951 2419 1224 2454 investituram
1257 2417 1519 2462 unileiensis
1554 2417 1774 2452 aecclesiae
1801 2416 1877 2452 iam
1903 2415 2092 2461 suscepit,

240 2476 472 2512 electionem
499 2487 610 2513 suam
636 2478 865 2513 testimonio
892 2478 1086 2522 probabili
1113 2477 1345 2513 canonicam
1373 2487 1463 2513 esse
1489 2477 1634 2512 ibidem
1659 2475 1896 2512 testificatus
1923 2477 2001 2516 est;
2028 2476 2091 2510 set

241 2545 312 2580 pro
339 2537 570 2572 investitura
598 2540 736 2572 contra
764 2538 994 2573 canonicam
1021 2540 1060 2573 et
1085 2537 1348 2582 apostolicam
1375 2537 1622 2573 sanctionem
1647 2546 1671 2571 a
1698 2536 1799 2571 laica
1825 2543 1996 2579 persona
2016 2534 2091 2569 sibi

240 2597 426 2640 usurpata
453 2605 475 2630 a
503 2605 606 2641 papa
641 2597 888 2641 reprobatus,
923 2596 1170 2632 diffinitionis
1206 2597 1381 2633 eiusdem
1415 2597 1607 2632 statutum
1645 2605 1689 2631 se
1714 2595 1919 2640 ignorasse
1947 2596 1986 2629 et
2011 2602 2090 2629 non

240 2654 415 2695 audisse,
454 2656 609 2700 synodo
645 2656 685 2691 id
719 2657 771 2691 ita
807 2656 1023 2696 iudicante.
1062 2656 1311 2692 iureiurando
1346 2656 1476 2700 palam
1509 2654 1794 2700 comprobavit.
1831 2653 1978 2689 Dehinc
2003 2654 2090 2688 toto

242 2716 437 2749 conventu
472 2723 544 2759 pro
580 2725 628 2750 eo
655 2715 692 2751 in
720 2716 758 2750 id
784 2716 910 2760 ipsum
937 2716 1042 2760 apud
1068 2725 1212 2760 papam
1238 2715 1518 2756 intercedente,
1553 2715 1591 2749 in
1618 2713 1763 2759 primis,
1801 2714 1843 2747 ut
1873 2711 1991 2747 moris
2017 2714 2090 2752 est.

240 2774 380 2810 iustam
415 2776 454 2809 et
479 2774 662 2810 idoneam
689 2775 981 2810 oboedientiam
1018 2784 1066 2810 ac
1092 2775 1378 2810 subiectionem
1405 2776 1443 2809 et
1470 2773 1702 2818 suffragium
1727 2771 1974 2817 apostolicae
2002 2771 2087 2806 sedi

244 2835 283 2868 et
309 2834 434 2868 sancti
460 2833 564 2868 Petri
591 2834 739 2869 vicario
766 2843 895 2878 papae
922 2833 1112 2879 Gregorio
1139 2843 1209 2879 per
1233 2833 1501 2869 iusiurandum
1528 2831 1743 2877 professus,
1779 2831 1831 2866 ab
1857 2840 1906 2866 eo
1933 2831 2090 2866 anulum

241 2894 279 2926 et
314 2893 463 2937 virgam
498 2895 537 2927 et
570 2895 727 2928 caetera
763 2892 1024 2938 Aquileiensis
1051 2894 1341 2938 ‘patriarchatus
1376 2892 1545 2938 insignia
1583 2891 1775 2926 canonice
1802 2889 1996 2935 suscepit;
2031 2891 2092 2925 set

241 2960 320 2986 non
347 2961 435 2986 curn
460 2961 510 2987 eo
538 2952 725 2997 deinceps
753 2962 1036 2997 usquequaque
1062 2953 1227 2988 fideliter
1254 2952 1369 2997 egit.“

383 3009 600 3047 Bernoldi
625 3009 881 3048 chronicon
907 3012 958 3046 ad
983 3021 1018 3047 a.
1041 3011 1132 3047 1079
1159 3010 1263 3055 (MG.
1284 3010 1364 3052 SS„
1391 3010 1436 3051 V,
1461 3011 1541 3051 455,
1568 3009 1674 3054 436):
1703 3009 1765 3051 „ln
1791 3009 1929 3044 eadem
1949 3007 2091 3044 sinodo

242 3069 443 3105 Heinricus
470 3069 734 3114 Hquileiensis
759 3071 975 3115 patriarcha
996 3079 1125 3115 papae
1146 3070 1299 3111 iuravit,
1326 3070 1418 3105 nulli
1436 3079 1479 3105 se
1500 3069 1687 3114 deinceps
1706 3067 2091 3107 communicaturum,

243 3138 356 3173 quem
383 3130 501 3164 sciret
527 3139 550 3164 a
577 3138 679 3174 papa
707 3130 1121 3165 excommunicatum.“

383 3223 393 3240 ¹
413 3222 546 3251 Trditev
566 3222 734 3256 patriai-ha
754 3222 908 3256 Henrika,
930 3222 971 3251 da
991 3222 1023 3251 ni
1043 3222 1139 3251 vedel
1159 3229 1201 3251 za
1221 3222 1386 3251 cerkveno
1406 3221 1559 3255 dolocbo,
1582 3221 1623 3249 da
1643 3228 1683 3250 ne
1703 3227 1773 3249 sme
1793 3219 1983 3249 investiture
1997 3225 2090 3254 spte-

242 3269 296 3304 ieti
317 3269 360 3298 od
380 3270 541 3304 posvetne
562 3270 671 3301 osebe,
691 3269 722 3305 ie
741 3269 807 3298 bila
826 3270 906 3298 brez
927 3269 1046 3298 dvoma
1066 3269 1218 3298 navadna
1232 3269 1293 3298 laz.
1310 3268 1531 3304 Naivazneise
1544 3268 1695 3297 takratno
1710 3267 1874 3296 cerlweno
1888 3267 1920 3295 in
1934 3265 2090 3302 politlcno

242 3316 428 3352 vprasanie,
448 3316 549 3345 zarad
568 3317 726 3352 katereqa
746 3316 775 3352 je
795 3317 903 3345 nastal
923 3317 1035 3352 prepIr
1054 3317 1128 3346 med
1142 3318 1301 3352 papezem
1316 3316 1346 3344 in
1361 3316 1504 3352 kraljem,
1524 3315 1575 3351 nai
1590 3316 1622 3343 bl
1636 3315 1702 3344 bilo
1716 3321 1865 3344 neznano
1884 3313 2090 3342 takratnemu

243 3363 505 3400 augsburskemu
524 3363 698 3396 kanoniku,
720 3364 751 3392 ki
771 3363 801 3399 ie
821 3363 864 3392 bil
885 3364 926 3392 ob
941 3371 1041 3393 enem
1061 3364 1129 3393 tudi
1150 3363 1274 3399 kraljev
1294 3363 1428 3399 kaplan!
