2332 3704
1072 229 1129 273 St.
1150 237 1228 278 183,
1259 237 1338 272 184.
2062 237 2130 272 117

423 414 458 433 „.
481 416 490 425 .
511 415 521 424 .
542 381 627 424 hac
670 382 713 424 in
748 382 977 436 praesenti
1017 381 1251 425 indictione
1293 384 1422 424 sexta
1559 379 1632 424 'ad
1673 381 1886 436 synodum
1932 384 2128 424 nostram

278 451 450 500 Romae
480 454 746 498 habitam.“1
780 478 834 484 -—
870 453 1085 506 „Noverit
1115 453 1298 497 vestra.“

421 533 620 580 [Mansi,
649 534 795 571 Concil.
816 535 914 577 coll„
935 535 1028 576 xlx,
1047 535 1128 572 657.
1150 553 1195 559 -
1222 534 1578 579 Coequelines,
1604 533 1810 574 Bullarum.
1838 534 2128 579 privilegiorum

277 604 324 630 ac
359 595 614 640 diplomatum
652 594 760 630 Rom.
786 597 894 639 pont.
921 595 1037 639 ampl.
1063 594 1257 635 collectio,
1294 593 1318 634 1.
1344 593 1428 630 586.
1463 614 1504 619 —
1533 593 1725 639 Miqne,
1760 594 1914 634 patrol.¹
1950 592 2031 628 Ser.
2052 593 2129 632 lat„

279 653 431 695 CXLIII,
459 654 539 690 727.
568 673 603 677 -
635 653 788 699 laste,
823 654 915 699 Req.
934 656 1042 699 pont.
1062 653 1181 694 Rom„
1207 655 1256 688 st.
1275 652 1371 689 4295
1396 651 1543 698 (3263).l

423 726 645 781 DrimerJaj
678 727 791 769 tudi:

420 806 616 843 Danduli
642 805 910 850 chronicon,
946 807 1011 843 lib.
1029 807 1088 848 IX,
1121 816 1154 843 c.
1173 807 1206 847 7,
1232 816 1323 852 pars
1352 806 1390 842 11
1422 806 1641 850 (Muratori,
1674 805 1813 851 Script.
1834 816 1907 842 rer.
1934 805 2027 845 Ital„
2053 805 2129 844 ΧΠ,

277 866 379 910 244);
409 867 511 908 „Leo
539 876 642 912 papa
669 867 707 902 in
733 867 889 913 synodo
915 866 1121 902 Dominico
1147 867 1393 911 patriarchae
1412 867 1569 910 pallium
1589 866 1724 901 tribuit
1743 868 1783 901 et
1802 868 1844 901 ut
1862 875 2018 901 crucem
2036 867 2128 900 ante

277 936 321 962 se
357 926 527 962 deferret
564 927 765 962 concessit
791 926 1170 971 patriarchalemque
1196 935 1307 962 suam
1334 926 1469 961 sedem
1495 925 1732 970 approbavit
1758 927 1797 960 et
1824 924 2022 969 episcopis
2048 923 2128 959 Ve-

278 986 407 1021 netiae
433 988 472 1021 et
498 985 633 1021 Istriae
659 985 826 1030 scripsit,
853 987 894 1020 ut
921 986 1010 1021 huic
1036 985 1276 1031 patriarchae
1302 987 1502 1030 tamquam
1529 985 1682 1030 primati
1709 993 1782 1020 suo
1802 984 2067 1020 obedientiam
2088 985 2126 1018 et

277 1046 535 1081 reverentiam
570 1045 792 1087 exhibeant,
828 1054 914 1079 cum
947 1044 1236 1090 Aquilegiensis
1262 1045 1426 1080 antistes
1453 1044 1512 1080 his
1538 1044 1714 1079 terminis
1742 1044 1886 1078 debeat
1912 1052 2002 1078 esse
2029 1051 2127 1078 con-

276 1106 419 1143 tentus.
454 1105 518 1149 qui
553 1106 644 1139 sunt
675 1104 713 1139 in
740 1103 883 1139 finibus
916 1103 1266 1149 Longobardorum
1292 1104 1400 1149 juxta
1428 1103 1672 1148 privilegium
1697 1103 1911 1148 antiquitus
1938 1101 2128 1147 praetatis

277 1163 454 1199 ecclesiis
481 1162 751 1199 concessum.“

1082 1268 1175 1336 St.
1200 1283 1338 1336 184.

418 1389 573 1441 1053,
606 1390 730 1433 med
762 1390 990 1446 aprilom
1022 1390 1077 1434 in
1108 1390 1478 1435 novembrem.

419 1473 487 1517 Ko
521 1487 570 1517 se
603 1475 643 1528 je
676 1487 805 1517 cesar
837 1474 1003 1517 Henrik
1027 1474 1092 1518 111.
1126 1487 1153 1518 o
1186 1476 1319 1517 veliki
1352 1476 1451 1517 noci
1485 1473 1568 1528 (11.
1591 1471 1745 1528 aprila)
1778 1474 1912 1516 mudil
1945 1487 1973 1516 v
1999 1473 2126 1515 Mer-

275 1545 483 1600 seburqu,
525 1546 567 1599 ie
601 1546 659 1588 bil
693 1546 902 1589 bavarski
936 1546 1134 1601 vkooda
1169 1545 1349 1588 Konrad
1383 1546 1648 1600 odstavljen.
1693 1544 1811 1587 Nato
1843 1546 1885 1599 je
1917 1548 1962 1587 ta
1996 1545 2125 1587 bezai

274 1620 355 1659 cez
398 1616 787 1671 Karantanijo
821 1630 877 1660 na
911 1617 1103 1673 qusko.
1146 1617 1213 1660 Tu
1245 1618 1286 1672 ie
1320 1618 1442 1660 dobil
1475 1617 1534 1659 od
1568 1617 1824 1671 ondotneqa
1859 1617 1996 1670 kralja
2029 1615 2125 1658 An-

275 1688 396 1742 dreja
438 1689 679 1742 pomoZnih
722 1692 791 1731 cet
831 1692 898 1731 ter
929 1691 956 1730 ἑ
989 1689 1106 1743 njimi
1139 1689 1330 1742 napadel
1364 1687 1661 1742 Karantanijo.
1707 1686 1937 1741 Opustosil
1969 1687 2010 1741 Je
2042 1690 2127 1729 vec

275 1760 428 1812 krajev
460 1763 526 1801 ter
558 1771 607 1801 se
641 1759 818 1813 polastil
852 1759 1211 1815 Henqstbur9a2,
1245 1760 1401 1802 kamor
1431 1760 1472 1814 je
1500 1758 1692 1813 postavil
1716 1758 1884 1813 oqrsko
1907 1758 2126 1812 posadko.

276 1829 406 1872 Hotel
438 1831 479 1884 je
512 1831 613 1872 med
647 1830 819 1886 druqim
852 1831 991 1873 dobiti
1023 1831 1152 1885 nazaj
1185 1832 1287 1874 tista
1319 1834 1536 1885 posestva
1567 1842 1627 1885 po
1655 1829 1939 1884 Karantaniji,
1973 1829 2126 1871 katera

274 1902 315 1955 je
360 1892 455 1955 prej'
492 1904 581 1944 tam
620 1901 732 1953 imel,
778 1914 804 1944 a
836 1914 909 1945 mu
941 1902 1000 1956 jih
1031 1903 1073 1957 ie
1106 1914 1235 1945 cesar
1266 1903 1366 1945 vzel
1398 1906 1464 1945 ter
1497 1903 1534 1944 si
1566 1902 1625 1957 jih
1657 1901 1869 1956 prisvojil.
1915 1900 2125 1943 Nekateri

275 1973 461 2015 velikasi
506 1985 559 2016 so
605 1985 678 2015 mu
711 1974 764 2016 sli
796 1985 852 2015 na
885 1974 1010 2025 roko,
1054 1974 1111 2016 da
1141 1974 1183 2028 je
1216 1974 1330 2028 laije
1362 1974 1545 2029 pregnal
1579 1973 1732 2029 druge,
1779 1974 1821 2015 ki
1855 1984 1908 2015 so
1943 1972 2016 2014 bili
2049 1983 2126 2014 ce-

275 2044 392 2098 sarju
425 2044 688 2098 naklonjeni.

414 2123 677 2161 Herimanni
700 2125 919 2172 Auqiens.
940 2124 1196 2162 chronicon
1221 2127 1273 2162 ad
1298 2136 1334 2162 a.
1363 2126 1455 2162 1053
1489 2125 1606 2170 (Ma.
1633 2125 1714 2170 SS.‚
1747 2125 1790 2166 V,
1821 2125 1919 2169 133):
1958 2153 1990 2166 „.
2010 2152 2018 2160 .
2038 2152 2047 2160 .
2064 2124 2127 2160 Ad

273 2191 387 2227 quem
414 2187 650 2220 conventum
677 2185 745 2230 (sc.
762 2188 858 2231 aput
883 2185 1113 2229 Triburiam)
1140 2195 1227 2221 cum
1253 2185 1494 2227 Counradus‚
1530 2186 1674 2221 dudum
1700 2185 1905 2220 Baioariae
1932 2185 2020 2225 dux,
2053 2193 2126 2219 ve·-

274 2243 354 2278 nire
381 2243 530 2285 nolens,
556 2253 644 2280 cum
670 2245 864 2290 expeditis
891 2245 1074 2281 militibus
1101 2245 1184 2291 regi
1211 2245 1400 2281 rebellare
1429 2245 1604 2286 moliens,
1631 2245 1812 2290 Unqariis
1840 2254 1883 2280 se
1910 2244 2125 2289 adiungere

273 2303 508 2347 temptasset
542 2306 581 2339 et
613 2303 822 2340 Carentani
860 2305 961 2340 fines
995 2305 1218 2346 invasisset,
1254 2305 1486 2349 quibusdam
1522 2304 1626 2345 inibi,
1666 2313 1767 2349 quae
1793 2304 1898 2349 prius
1925 2303 2127 2343 habuerat,

274 2362 597 2404 possessionibus
623 2363 704 2399 suis
724 2364 775 2398 ab
801 2363 1040 2408 imperatore
1066 2363 1239 2408 privatus
1266 2365 1338 2406 est,
1372 2373 1440 2399 eas
1468 2364 1580 2408 quasi
1607 2363 1785 2408 legaliter
1810 2362 2037 2407 acquirente
2058 2389 2067 2398 .
2089 2389 2097 2397 .
2116 2386 2124 2394 .

273 2419 346 2455 Per
378 2420 480 2456 idem
513 2423 667 2466 tempus
702 2422 770 2466 (sc.
799 2432 921 2458 mens.
947 2421 1170 2466 Novembr.)
1204 2421 1433 2458 Counradus
1467 2423 1612 2458 dudum
1646 2422 1735 2463 dux,
1770 2422 1821 2457 ab
1847 2421 2004 2457 Hndrea
2031 2431 2126 2467 re9e

273 2478 531 2524 Unqariorum
566 2483 767 2526 gratanter
803 2484 1022 2526 susceptus,
1060 2482 1106 2522 ei,
1142 2491 1190 2518 ne
1224 2482 1435 2527 allegatum
1470 2491 1557 2518 cum
1591 2482 1828 2527 imperatore
1865 2481 2005 2516 foedus
2033 2490 2124 2526 per—

273 2538 420 2579 ficeret,
454 2539 651 2581 dissuasit,
683 2543 722 2576 et
753 2542 898 2577 auxilio
930 2542 1014 2577 eius
1049 2542 1245 2587 quandam
1281 2541 1490 2577 Carentani
1517 2543 1688 2586 partem,
1723 2540 1967 2586 quorundam
2005 2541 2123 2576 etiam

274 2597 490 2641 primatum,
531 2599 595 2643 qui
631 2609 717 2635 eam
751 2600 1027 2645 possidebant,
1075 2601 1359 2637 madiinatione
1392 2601 1479 2636 aliis
1512 2601 1685 2645 expulsis
1720 2601 1972 2646 primoribus,
2010 2601 2124 2636 inva—

274 2665 358 2691 sam
385 2657 523 2701 cepit-‘⁴

414 2727 530 2764 Ihm.
557 2728 768 2766 ffltahen.
793 2730 897 2767 mai.
922 2731 973 2766 ad
997 2741 1034 2767 a.
1054 2731 1146 2767 1053
1171 2730 1275 2775 (ΜΟ.
1295 2730 1375 2772 SS.‚
1410 2731 1486 2772 XX,
1519 2730 1630 2774 806):
1671 2730 1855 2767 „Chuono
1890 2731 1966 2766 dux
2004 2731 2124 2766 Baio-

273 2787 401 2823 aricus
420 2814 429 2823 .
447 2814 456 2823 .
477 2815 486 2822 .
531 2788 674 2825 ducatu
693 2792 754 2825 est
773 2789 976 2835 depositus
999 2818 1008 2826 .
1028 2817 1037 2827 .
1057 2818 1066 2826 .
1093 2790 1342 2835 Quapropter
1360 2791 1469 2826 brevi
1491 2790 1620 2834 plures
1639 2790 1855 2835 iniquitatis
1874 2799 1970 2825 suae
1990 2790 2123 2825 socios

272 2846 484 2889 adquisivit
519 2856 668 2893 eosque
702 2849 775 2884 sibi
813 2849 948 2885 firmos
982 2852 1022 2885 et
1057 2850 1194 2886 fideles
1228 2859 1318 2886 esse
1354 2850 1572 2885 iuramento
1599 2849 1815 2885 constrixit.
1853 2849 1919 2884 His
1946 2849 1996 2883 ad
2022 2849 2123 2884 velle

273 2905 486 2949 dispositis,
523 2907 605 2950 ipse
638 2917 726 2943 cum
760 2917 876 2944 manu
909 2909 1040 2945 valida
1078 2918 1147 2954 per
1185 2908 1444 2945 Carinthanos
1484 2909 1535 2944 ad
1562 2908 1717 2954 Unqros
1744 2908 2009 2953 confugit...
2036 2907 2122 2951 lpse

272 2973 366 3000 vero
400 2965 593 3002 adiunctis
627 2967 701 3002 sibi
739 2967 880 3013 Unqris
915 2966 1130 3004 Charionas
1166 2969 1315 3004 invadit
1350 2971 1409 3009 et,
1448 2968 1611 3012 plurima
1645 2968 1732 3003 loca
1767 2969 1950 3007 vastans.
1989 2966 2123 3002 urbem

273 3024 480 3068 quandam,
515 3024 792 3072 Henqistiburg
824 3027 981 3068 dictam,
1017 3027 1227 3072 occupavit
1253 3028 1383 3071 ibique
1410 3027 1608 3072 praesidio
1636 3027 1820 3070 imposito
1847 3027 1884 3060 in
1911 3025 2122 3071 Unqariam

274 3093 317 3118 se
345 3084 526 3128 recepit.'‘

415 3190 424 3206 ¹
444 3187 621 3222 Omeniena
648 3188 771 3219 sinoda:
790 3189 820 3225 ie
846 3190 911 3219 bila
937 3198 981 3226 po
1007 3190 1104 3220 veliki
1132 3191 1206 3220 noel
1226 3191 1291 3220 leta
1307 3194 1383 3219 1053.
1412 3190 1489 3223 (Cir.
1507 3190 1626 3219 Herim.
1641 3190 1780 3226 Huqien.
1796 3190 1915 3219 Chron.
1932 3190 1973 3219 ad
1991 3197 2022 3219 a.
2038 3194 2122 3218 1053:

274 3235 435 3267 „Domnus
456 3243 552 3271 papa,
574 3236 686 3265 habita
707 3236 829 3266 Romae
848 3238 925 3273 post
939 3238 1058 3273 pascha
1078 3238 1250 3274 synodof)
1271 3238 1387 3267 Vellka
1404 3241 1467 3267 noc
1486 3239 1517 3273 je
1537 3238 1603 3267 bila
1623 3238 1730 3274 istega
1751 3237 1815 3267 leta
1836 3237 1956 3266 duell.
1972 3238 2085 3273 aprila.

414 3285 424 3301 ’Δ
444 3283 654 3319 Henqsthurq
682 3283 942 3321 (Henqistiburq)
971 3285 1002 3320 je
1031 3285 1075 3314 bll
1096 3285 1228 3320 najbrze
1249 3285 1375 3320 sedanji
1398 3285 1532 3314 Wlldon
1555 3293 1595 3314 na
1616 3284 1785 3320 Srednjem
1806 3280 2017 3320 Stajerslzem.
2042 3285 2120 3319 (Cir.

272 3329 373 3365 Zahn,
408 3331 695 3363 Ortsnamenbuch,
723 3332 872 3367 str.499.)
903 3331 1048 3361 Nikakor
1077 3339 1119 3367 pa
1148 3340 1188 3361 ne
1218 3339 1341 3361 morem
1372 3332 1510 3367 pritrditi
1540 3332 1719 3367 Felicettiiu
1745 3332 1911 3368 (Beitrfige
1932 3340 1990 3360 zur
2012 3332 2125 3361 Kunde

272 3378 415 3406 steierm.
433 3377 755 3413 Geschichtsquellen,
776 3379 812 3413 X,
833 3380 958 3413 75-81),
979 3379 1010 3407 ki
1031 3379 1124 3412 misli,
1147 3380 1187 3408 da
1207 3379 1237 3414 ie
1256 3379 1299 3408 bil
1321 3379 1530 3415 Henqstburq
1551 3379 1676 3415 sedanji
1698 3379 1835 3409 Gradec.
