2332 3704
241 234 309 269 134
975 225 1031 268 St.
1052 233 1133 274 219,
1159 233 1240 274 220,
1268 233 1348 268 221.
1389 247 1391 249 ·

241 385 409 420 eamque
435 375 591 411 anulum
619 377 904 421 agnoscentem
931 384 1003 420 pro
1030 375 1174 411 ducatu
1200 375 1274 410 sibi
1300 376 1495 419 promisso
1513 376 1766 411 commonuit.
1794 375 1873 412 Sed
1890 377 1979 420 quia
2001 385 2091 420 pre-

239 436 367 470 dictus
393 434 608 470 Ruodolfus
636 444 727 469 mox
754 436 845 479 post
870 435 1117 478 imperatoris
1145 434 1293 470 obitum
1319 434 1440 469 filiam
1465 435 1559 476 eius,
1588 434 1778 470 Rumoldo
1794 434 2090 472 Constantiensi

237 495 429 540 episcopo
464 493 793 534 commendatam,
830 513 870 518 —
907 495 1035 529 utrum
1070 493 1236 529 consilio
1270 495 1428 538 captam
1462 503 1513 529 an
1540 494 1633 529 dolo
1660 494 1831 530 nescitur
1860 515 1900 520 -
1929 504 2089 530 uxorem

237 554 358 595 duxit,
393 555 555 598 recepto
588 554 664 588 iam
691 553 729 588 in
757 554 921 598 qratiam
949 553 1115 588 eundem
1144 553 1327 588 ducatum
1354 553 1405 588 illi
1433 563 1552 588 causa
1580 553 1686 588 filiae
1711 553 1936 598 imperatrix
1965 553 2089 594 dedit:

237 614 344 658 quod
368 614 539 648 animum
564 613 763 648 Bethtoldi
791 622 868 648 non
896 621 1032 657 parum
1059 613 1284 648 commovit.
1311 612 1387 647 Pro
1414 622 1490 657 qua
1518 613 1783 648 commotione
1809 613 1990 649 lenienda
2017 612 2092 648 du-

236 674 348 722 catus
375 671 666 708 Karinthiorum
693 672 728 707 ei
754 671 1021 713 committitur,
1049 680 1163 716 quem
1190 673 1331 716 postea
1358 671 1440 718 filio
1466 680 1539 707 suo
1565 672 1785 716 aequivoco
1811 672 1932 716 ipsius
1951 674 2091 718 rogatu

236 741 304 766 rex
343 731 546 767 Heinricus
581 731 796 772 commisit;
833 731 904 766 sed
938 721 1190 776 postmodum
1218 730 1475 775 quorumdam
1502 730 1688 766 instinctu
1715 731 1881 766 eundem
1908 731 2091 767 ducatum

237 790 408 826 Luitolfo
443 792 740 836 consanguineo
776 799 849 825 suo
884 789 991 825 dedit
1025 790 1161 834 sicque
1197 791 1347 834 patrem
1374 791 1413 824 et
1440 792 1574 825 natum
1596 790 1885 834 parvipendens
1911 790 2092 827 offendit.

238 850 349 887 Unde
376 849 487 895 quasi
515 851 706 885 renovata
733 849 862 895 priore
887 850 1027 885 iniuria
1054 858 1142 884 cum
1162 848 1395 884 Berhtoldus
1415 849 1492 884 dux
1513 851 1818 893 permoveretur.
1845 850 1976 885 omnia
1993 859 2091 886 con—

236 909 411 945 siliorum
447 910 755 945 machinamenta
793 909 933 954 quibus
968 909 1066 944 satis
1093 908 1277 953 pollebat,
1312 908 1363 943 ad
1390 907 1464 944 hoc
1490 909 1682 951 vertebat,
1718 910 1759 943 ut
1785 909 1835 944 ab
1862 911 2026 954 utroque
2053 909 2092 944 id

237 970 298 1003 est
323 977 416 1014 rege
443 971 482 1004 et
509 968 704 1004 Ruodolfo
730 978 774 1004 se
801 968 1087 1004 ulc1sceretur.“

1023 1120 1116 1187 st.
1143 1134 1301 1187 220.

380 1242 513 1287 Med
544 1243 713 1287 letom
745 1241 879 1287 1061.
911 1241 966 1285 in
996 1242 1163 1286 1073.1

380 1326 621 1378 Teodorik‚
668 1330 775 1381 opat
820 1328 861 1368 iz
902 1325 964 1369 St.
986 1325 1184 1369 Huberta
1217 1323 1261 1379 (v
1293 1322 1520 1378 Flrdenih),
1566 1337 1615 1367 se
1648 1326 1689 1379 je
1721 1325 1886 1379 napotil
1920 1338 1948 1367 v
1981 1324 2090 1376 Rim,

237 1397 329 1451 lqer
362 1409 417 1452 qa
450 1398 491 1452 je
525 1401 672 1452 pape}
705 1397 985 1440 Aleksander
1018 1394 1095 1451 (ΙΙ.)
1128 1409 1154 1439 Ζ
1187 1396 1400 1450 veseljem
1433 1396 1607 1450 sprejel.
1642 1394 1710 1438 Ko
1743 1408 1793 1438 se
1825 1397 1866 1450 je
1900 1397 2091 1450 pozneje

238 1469 437 1522 napravil
482 1470 594 1523 proti
640 1470 776 1512 domu
820 1472 886 1511 ter
929 1469 1062 1523 prisel
1109 1468 1286 1510 nekako
1332 1468 1392 1511 do
1422 1466 1709 1522 Julijskih
1754 1465 1889 1520 Alp,
1933 1480 1986 1510 so
2019 1479 2092 1510 mu

238 1540 366 1582 vsled
398 1540 559 1592 ffmraza
603 1542 672 1583 vsi
717 1540 902 1583 nohtovi
945 1552 1001 1582 na
1043 1539 1192 1595 noqah
1237 1539 1432 1592 odpadli.
1478 1530 1653 1592 Ceprav
1677 1538 1719 1592 je
1765 1538 1822 1580 bil
1855 1538 1914 1581 od
1947 1538 2092 1580 velike

240 1611 499 1665 utrujenosti
542 1612 648 1654 tako
692 1612 910 1662 slaboten‚
957 1611 1014 1653 da
1051 1611 1092 1665 je
1126 1610 1272 1664 komaj
1307 1610 1440 1661 hodil‚
1485 1609 1654 1652 vendar
1687 1609 1728 1650 ni
1762 1609 1878 1652 hotel
1913 1610 2091 1663 opustili

241 1683 431 1738 pevanja
465 1684 670 1737 psalmov
703 1685 745 1725 in
778 1687 922 1738 posta.

381 1774 484 1813 Vita
509 1775 780 1813 Theoderici
799 1774 980 1812 abbatis
998 1773 1352 1822 Andagiuensis,
1380 1785 1414 1811 c.
1427 1775 1468 1810 21
1500 1773 1604 1818 (Μῦ.
1625 1773 1707 1814 SS..
1727 1773 1801 1815 xll,
1819 1772 1897 1817 49):
1927 1800 1957 1814 „.
1977 1800 1986 1808 .
2007 1798 2016 1808 .
2034 1773 2092 1808 sic

241 1846 398 1881 quoque
413 1837 543 1872 omnia
557 1836 704 1872 Romae
722 1838 950 1872 sanctorum
971 1836 1143 1871 oratoria
1166 1844 1290 1879 usque
1305 1835 1356 1870 ad
1376 1834 1681 1870 Lateranensem
1702 1833 1905 1869 basilicam
1924 1833 2091 1868 circum-

238 1896 307 1931 ivit
333 1895 402 1939 (sc.
420 1895 685 1932 Theodericus
720 1895 872 1939 abbas),
908 1895 972 1931 ubi
1010 1895 1062 1930 ab
1089 1894 1314 1930 Alexandro
1340 1896 1434 1929 tunc
1461 1902 1564 1939 papa
1591 1893 1768 1928 Romano
1795 1892 1916 1928 multo
1941 1891 2091 1927 affectu

240 1957 442 1999 exceptus.
465 1957 504 1990 et
522 1956 606 1991 eius
625 1957 783 1991 secreto
801 1964 848 1990 ac
869 1955 1048 1990 familiari
1069 1954 1269 1997 colloquio
1290 1953 1448 1999 saepius
1468 1962 1573 1994 usus,
1593 1954 1796 1998 postremo
1817 1950 2094 1987 benedictione

238 2014 459 2059 apostolica
494 2015 544 2049 ab
580 2015 645 2050 illo
680 2015 951 2054 confirmatus,
988 2023 1035 2049 ex
1076 2015 1291 2058 praecepto
1317 2012 1564 2048 auctoritatis
1591 2012 1674 2047 eius
1701 2011 1901 2046 calceatus
1927 2012 1967 2046 et
1991 2019 2095 2055 equo

239 2076 397 2109 domum
433 2076 494 2110 est
531 2083 724 2110 reversus.
764 2073 843 2109 Sed
879 2083 965 2109 cum
1002 2073 1105 2108 circa
1140 2072 1261 2117 Alpes
1289 2071 1403 2107 Iulias
1430 2071 1617 2111 venisset,
1644 2080 1692 2106 ex
1719 2072 1915 2115 concepto
1941 2070 2090 2115 pridem

239 2133 385 2179 frigore
412 2133 609 2169 resolutae
635 2143 772 2168 omnes
800 2133 942 2178 pedum
969 2133 1052 2168 eius
1081 2132 1250 2177 ungulae
1270 2131 1513 2171 ceciderunt:
1542 2131 1626 2175 ipse
1654 2139 1810 2174 quoque
1837 2129 1953 2165 nimia
1973 2129 2089 2165 lassi—

237 2193 372 2228 tudine
407 2202 493 2228 cum
528 2194 585 2228 sic
619 2194 726 2228 esset
761 2191 979 2232 confectus,
1015 2193 1056 2227 ut
1090 2191 1163 2226 nisi
1198 2191 1357 2226 assidue
1392 2190 1601 2235 unquentis
1637 2191 1758 2233 atque
1784 2188 1870 2224 aliis
1898 2189 2096 2224 iuvaretur

240 2252 439 2293 fomentis,
473 2252 538 2287 vix
572 2252 722 2288 valeret
757 2251 951 2292 incedere,
991 2250 1081 2286 nihil
1116 2252 1249 2285 tamen
1285 2250 1440 2294 penitus
1467 2249 1515 2284 de
1542 2249 1660 2284 solita
1686 2250 1726 2282 et
1753 2247 1955 2292 proposita
1986 2247 2094 2291 psal-

241 2321 389 2347 morum
417 2314 457 2347 et
482 2311 611 2346 ieiunii
638 2310 923 2347 consuetudine
949 2309 1072 2345 voluit
1098 2309 1327 2344 remittere.“

382 2525 537 2571 1062.
1042 2461 1135 2530 st.
1163 2475 1299 2529 221.

383 2610 608 2660 Wilhelm,
642 2610 772 2664 mejni
806 2609 907 2664 qrof
939 2608 1179 2661 misenjski‚
1214 2619 1263 2650 se
1290 2607 1330 2661 je
1352 2606 1470 2649 hotel
1495 2606 1679 2659 porociti
1703 2617 1725 2647 s
1747 2603 1907 2657 Sofijo,
1943 2602 2095 2655 hcerjo

242 2682 467 2737 oqrskega
501 2682 637 2736 kralja
671 2680 791 2723 Bela.
825 2679 893 2722 Ko
927 2692 976 2722 se
1009 2680 1049 2734 Je
1084 2679 1350 2733 pripravljal,
1385 2678 1442 2719 da
1475 2677 1518 2719 bi
1552 2676 1616 2719 sel
1649 2688 1709 2730 po
1736 2675 1866 2728 svojo
1893 2676 2095 2725 nevesto‚

242 2754 283 2807 je
318 2753 425 2795 umrl
459 2753 544 2795 leta
576 2751 699 2795 1062.
734 2738 851 2794 Nato
884 2752 925 2805 Je
959 2750 1104 2804 Sofijo
1137 2750 1237 2792 vzel
1259 2762 1288 2791 v
1308 2750 1453 2791 zakon
1488 2748 1652 2802 nieqov
1669 2745 1883 2789 sorodnik
1910 2744 2094 2788 Udal-

240 2824 352 2874 rik,
396 2825 525 2878 mejni
571 2823 672 2879 qrof
716 2823 909 2877 kranjski
948 2823 989 2864 in
1022 2821 1202 2864 istrski.2
1239 2819 1491 2874 Misenjsko
1525 2819 1670 2873 meino
1704 2816 1866 2872 qrofijo
1898 2817 1939 2871 je
1973 2816 2093 2858 dobil

240 2895 510 2938 Wilhelmov
543 2895 640 2937 brat
672 2893 802 2937 Oton.

386 2966 618 3021 Omenjeni
651 2965 834 3009 Udalrik
866 2966 906 3019 je
941 2965 998 3006 bil
1032 2965 1098 3007 sin
1120 2963 1354 3017 Poponov.
1387 2961 1426 3004 O
1449 2965 1537 3004 tem
1560 2961 1756 3003 nekateri
1778 2959 1950 3012 novejsi
1973 2970 2087 3013 290-

243 3039 459 3091 dovinarji
506 3037 680 3091 mislijo,
726 3037 783 3079 da
826 3037 867 3091 je
911 3036 968 3078 bil
1010 3037 1050 3077 iz
1084 3035 1300 3078 rodovine
1319 3030 1836 3078 Weimar-Orlamiinde‚
1881 3030 2007 3084 druqi
2039 3040 2097 3083 pa

243 3113 361 3152 ternu
407 3109 666 3163 oporekajo.
712 3107 780 3150 Na
825 3108 938 3150 vsak
970 3107 1107 3149 ‘naCin
1150 3106 1192 3159 ie
1238 3105 1296 3147 bil
1341 3103 1501 3158 Popon
1533 3116 1562 3145 v
1595 3102 1836 3145 sorodstvu
1874 3113 1901 3142 z
1934 3103 2095 3142 receno

245 3182 479 3223 rodovinO.
524 3179 797 3223 Udalrikova
842 3180 945 3220 mati
991 3179 1031 3232 je
1065 3178 1150 3219 bila
1185 3175 1450 3219 Hademuda
1483 3175 1539 3216 ali
1572 3174 1730 3224 Azika‚
1775 3173 1844 3214 hei
1878 3171 2096 3225 istrskeqa

386 3297 396 3314 ¹
417 3295 527 3330 Dapez
548 3294 753 3324 Aleksander
773 3294 810 3322 11.
831 3294 861 3329 ie
880 3293 989 3322 vladal
1010 3293 1053 3322 od
1074 3296 1099 3320 1.
1120 3292 1260 3321 oktobra
1280 3290 1346 3320 leta
1369 3293 1445 3318 1061.
1467 3297 1508 3325 pa
1529 3290 1571 3319 do
1592 3292 1634 3317 21.
1657 3287 1760 3324 aprila
1781 3287 1846 3316 leta
1867 3289 1946 3314 1073.

386 3345 397 3361 2
416 3343 463 3372 Ta
483 3342 617 3371 Udalrik
638 3350 674 3371 se
693 3342 724 3377 je
745 3341 878 3377 naibrze
898 3341 963 3370 leta
986 3343 1063 3369 1063.
1085 3340 1191 3369 ozenil
1213 3347 1228 3367 s
1249 3338 1365 3374 Sestio,
1385 3338 1498 3373 licerio
1519 3336 1686 3373 09rske9a
1706 3335 1818 3370 kralja,
1842 3334 1884 3362 ko
1905 3341 1941 3362 se
1960 3332 1991 3367 ie
2011 3339 2027 3361 s
2041 3334 2097 3361 ee-

245 3391 323 3420 tami
344 3390 446 3426 kralja
468 3390 609 3419 Henrlka
629 3389 679 3418 IV.
700 3389 825 3425 napotil
846 3396 887 3417 na
908 3388 1050 3424 qusko.
