2332 3704
1049 235 1105 279 St.
1125 243 1205 283 180,
1233 243 1312 279 181.
2028 245 2096 281 115

388 469 529 521 ¹051=
559 469 800 524 iesenski
833 471 941 514 cas.
1043 419 1134 476 St·
1160 422 1305 475 ¹80·

390 555 556 598 Takrat
594 568 643 598 se
675 557 716 610 je
749 567 877 598 cesar
910 554 1075 598 Henrik
1094 554 1161 598 111.
1193 555 1359 609 napotil
1392 556 1479 597 nad
1514 554 1645 610 que.
1691 555 1772 598 Del
1805 557 1977 609 vojske,
2012 558 2092 599 ka-

247 630 342 669 tero
374 639 427 669 so
460 627 596 670 vodili
629 626 834 670 rezenski
867 625 973 669 skof
1005 624 1229 676 Gebhard,
1274 626 1395 668 ceski
1429 626 1627 679 vojvoda
1660 625 1880 669 Bretislav
1913 629 1955 669 in
1989 629 2093 670 ka-

246 698 564 740 rantanski
597 697 863 752 vojvoda
893 696 1078 747 Welf,
1112 708 1162 739 se
1194 697 1235 751 je
1259 697 1452 750 pomikal
1474 708 1530 738 na
1553 698 1728 739 severni
1749 699 1883 740 strani
1907 698 2094 742 Donave

247 771 360 824 proti
394 769 663 825 quskemu;
695 780 823 812 cesar
854 780 903 810 se
925 769 965 817 ie
988 779 1045 821 pa
1068 780 1090 810 3
1113 768 1287 820 svojimi
1309 768 1481 817 cetami,
1515 768 1556 809 ki
1577 780 1630 811 so
1654 768 1739 810 bile
1763 770 2030 823 sestavljene
2053 771 2094 812 iz

246 841 492 891 Bavarcev,
527 839 872 896 Langobardov,
906 837 1069 890 Sasov,
1104 830 1305 889 Svabov,
1340 838 1545 881 Frankov
1577 840 1619 881 in
1646 838 1893 891 Slovanov,
1927 843 2094 894 napotil

246 913 374 955 skozi
408 911 445 954 K
461 923 486 954 a
503 923 560 954 ra
575 914 713 953 ntan
729 911 764 964 ij
781 923 808 953 o
837 921 894 952 na
914 910 1078 965 oqrska
1100 909 1172 952 tla.
1203 909 1363 951 Zaradi
1387 909 1588 964 deievja,
1624 912 1935 965 pomanjkanja
1958 913 2094 955 hrane

246 984 288 1025 in
323 983 543 1037 umikanja
576 981 731 1038 quov
763 982 805 1023 ni
837 981 997 1036 vojska
1030 981 1218 1036 doseqla
1251 981 1439 1036 svojeqa
1471 993 1672 1025 namena.

386 1061 648 1099 Herimanni
671 1060 890 1108 Eunicus.
911 1059 1167 1098 chronicon
1191 1061 1244 1096 ad
1268 1071 1305 1097 a.
1325 1061 1411 1097 1051
1443 1060 1548 1105 (ΜΟ.
1568 1061 1648 1102 SS.,
1675 1062 1720 1103 V,
1746 1062 1847 1107 130):
1886 1063 2093 1109 „Sequenti

244 1124 432 1157 autumno
458 1130 603 1167 magno
629 1131 717 1156 curn
743 1121 917 1156 exercitu
944 1121 1158 1165 imperator
1178 1148 1186 1156 .
1207 1147 1217 1156 .
1237 1148 1246 1156 .
1272 1120 1497 1156 Pannonias
1524 1121 1648 1165 petiit,
1675 1120 1990 1167 Gebehardoque
2017 1124 2095 1159 Rau

243 1181 472 1226 tisponense
511 1180 701 1225 episcopo
740 1182 779 1216 et
811 1179 920 1215 Welf
957 1179 1239 1224 Brezizlaoque
1277 1180 1441 1215 ducibus
1468 1180 1519 1215 ad
1545 1181 1893 1225 septentrionalem
1926 1182 2095 1218 Danubii

244 1242 395 1285 partem
421 1239 737 1284 depopulandam
763 1239 1017 1279 transmissis,
1043 1239 1139 1283 ipse,
1166 1239 1333 1274 devecto
1360 1249 1382 1275 e
1408 1240 1585 1280 navibus,
1612 1242 1800 1284 quantum
1826 1242 1864 1276 in
1891 1243 2001 1286 equis
2020 1251 2106 1293 po-·

242 1301 354 1340 terat,
389 1301 557 1344 sumptu,
591 1299 712 1344 lonqo
746 1300 907 1344 propter
942 1298 1150 1334 fluviorum
1182 1298 1406 1334 illuvionem
1438 1299 1600 1334 circuitu
1640 1308 1709 1343 per
1747 1299 1954 1336 Carentani
1993 1302 2095 1337 fines

242 1359 448 1399 transiens,
483 1358 756 1403 periurumque
788 1367 951 1404 regnum
984 1358 1186 1399 invadens,
1225 1358 1298 1392 hac
1330 1360 1370 1393 et
1395 1357 1483 1393 illac
1510 1358 1708 1403 Unqarico
1734 1360 1908 1395 exercitu
1934 1361 2094 1396 latroci-

246 1418 420 1453 nantium
447 1427 555 1453 more
581 1417 775 1463 fugitante
801 1419 840 1452 et
867 1426 1059 1462 nusquam
1079 1426 1208 1462 aequo
1228 1417 1359 1452 Marte
1377 1417 1558 1452 conferre
1579 1427 1735 1453 manum
1755 1419 1937 1462 audente,
1964 1421 2094 1456 omnia

242 1477 555 1522 circumquaque,
582 1477 714 1522 quoad
738 1478 916 1522 sumptus
943 1476 1051 1512 militi
1077 1477 1356 1522 suppetebant,
1380 1478 1495 1512 vasta
1522 1477 1690 1512 reddidit
1705 1505 1713 1513 .
1735 1505 1743 1514 .
1762 1485 1791 1514 .⁴·

383 1547 504 1584 finn-
526 1546 736 1584 Altahen.
764 1546 865 1584 mai.
901 1548 952 1583 ad
984 1557 1021 1583 a.
1050 1548 1137 1584 1051
1167 1547 1271 1591 (ΜΟ.
1290 1546 1372 1588 SS„
1410 1547 1487 1588 XX,
1519 1547 1622 1591 805):
1657 1548 1893 1594 „Imperator
1917 1561 2014 1587 vero
2041 1553 2094 1588 ita

243 1607 436 1652 disposuit
462 1608 536 1643 iter
561 1617 685 1648 suum,
712 1609 753 1642 ut
779 1607 939 1652 naviqio
966 1607 1211 1643 descendens
1237 1616 1308 1652 per
1326 1607 1546 1642 Danubium
1566 1607 1880 1652 adsumptionem
1901 1610 2096 1655 Deiparae

242 1666 410 1712 Virginis
437 1666 475 1710 (i.
493 1676 525 1702 e.
547 1666 602 1702 15.
623 1665 727 1711 aug.)
754 1666 972 1701 celebraret
998 1665 1265 1701 Bathavorum
1292 1666 1388 1702 urbe
1408 1693 1417 1702 .
1438 1693 1447 1700 .
1468 1693 1477 1701 .
1503 1666 1590 1711 Ipse
1608 1676 1702 1702 vero
1722 1676 1809 1703 cum
1827 1669 1956 1704 valida
1979 1679 2096 1705 manu

242 1725 522 1767 Baioariorum,
549 1726 911 1771 langobardorum,
939 1724 1152 1766 Saxonum,
1171 1724 1399 1767 Suevorum,
1426 1725 1672 1767 Francorum,
1694 1726 1922 1762 Sclavorum
1943 1728 1994 1763 ad
2012 1728 2095 1765 Un-

243 1786 390 1830 qariam
405 1794 529 1829 usque
555 1785 799 1829 pervenisset
825 1787 864 1820 et
882 1785 954 1819 iter
973 1785 1038 1819 illo
1059 1784 1300 1830 ingrediendi
1321 1785 1571 1820 interclusum
1594 1785 1744 1827 fuisset,
1772 1786 1908 1822 habito
1927 1788 2093 1823 consilio

242 1844 399 1889 longam
437 1844 704 1879 circuitionem
740 1843 892 1889 peregit
925 1845 964 1879 et
995 1843 1146 1888 absque
1174 1845 1339 1880 navibus
1366 1846 1405 1880 et
1433 1844 1616 1888 plaustris
1644 1845 1732 1881 solo
1758 1846 1931 1890 equestri
1957 1847 2096 1882 itinere

246 1902 446 1948 regionem
472 1902 664 1938 intravit·

1046 2006 1139 2075 st.
1164 2021 1287 2075 181.

385 2126 519 2171 Med
549 2127 718 2172 letum
749 2127 901 2172 1052.
932 2127 987 2171 in
1017 2127 1190 2173 1078.1

385 2210 627 2254 plemenita
671 2214 786 2254 Zena
828 2211 890 2254 Ita
932 2213 975 2254 in
1018 2213 1119 2268 nien
1161 2214 1229 2256 sin
1276 2212 1412 2268 Griph
1455 2214 1584 2258 dasta
1628 2216 1757 2270 svoje
1802 2220 2021 2270 posestvo
2066 2231 2095 2260 v

244 2282 419 2336 Kapli
463 2281 560 2335 [„in
592 2282 687 2326 Ioco
723 2281 987 2338 Capellam
1018 2296 1040 2326 s
1073 2284 1346 2339 podloinimi
1377 2285 1527 2339 IJudmi
1559 2287 1602 2328 in
1634 2288 1776 2329 vsemi
1804 2288 2094 2341 priteklinami

243 2353 465 2395 freisinski
506 2354 656 2396 cerkvi
695 2353 856 2408 MariJe
890 2354 1058 2397 Device
1090 2356 1133 2397 in
1166 2367 1231 2398 sv.
1255 2355 1542 2410 Korbinijana
1574 2370 1604 2400 v
1635 2359 1743 2400 roke
1777 2358 1911 2402 skofu
1945 2359 2092 2402 Ellen-

243 2424 382 2466 hardu
415 2425 457 2466 in
489 2425 757 2480 njeqovemu
790 2425 1032 2468 odvetniku
1066 2425 1227 2469 Otonu.
1258 2426 1369 2470 Zato
1403 2439 1461 2481 pa
1486 2429 1686 2482 prepusti
1708 2429 1814 2472 skof
1836 2442 1895 2484 po
1920 2431 2093 2484 svojem

244 2495 485 2538 odvetniku
518 2498 609 2549 prej
643 2497 971 2539 imenovanima
1002 2498 1104 2540 neki
1137 2498 1251 2540 dvor
1283 2511 1312 2540 v
1345 2498 1580 2541 Bancah
1611 2496 1889 2555 [„quoddam
1914 2502 2094 2557 curtife-

244 2578 337 2609 rum
371 2567 413 2609 in
446 2566 540 2609 loco
580 2564 869 2622 Vanicchfflss
899 2580 927 2609 z
959 2569 1101 2610 vsemi
1134 2569 1376 2622 pravicami
1407 2570 1451 2611 in
1484 2570 1696 2621 dohodki,
1742 2572 1894 2614 katere
1927 2573 1967 2627 je
2002 2573 2092 2627 prej

244 2649 340 2680 sam
374 2637 566 2680 dobival.
600 2636 666 2680 Do
695 2639 821 2681 smrti
854 2639 1088 2693 plemenite
1122 2639 1183 2682 Ite
1206 2641 1249 2682 in
1269 2640 1457 2696 nieneqa
1480 2642 1576 2683 sina
1600 2643 1785 2696 pripade
1804 2646 1850 2686 to
1876 2647 2093 2698 posestvo

246 2708 481 2751 Freisinski
518 2710 682 2752 cerkvi.
724 2708 827 2752 Hko
861 2710 903 2752 bi
936 2710 1041 2753 §kof
1089 2710 1325 2754 Ellenhard
1366 2713 1423 2754 ali
1455 2725 1512 2767 pa
1545 2714 1632 2756 kak
1664 2715 1830 2769 njeqov
1862 2716 2094 2758 naslednik

245 2780 443 2833 prelomil
475 2783 522 2823 to
554 2780 784 2836 poqodbo,
818 2784 959 2824 smeta
986 2781 1048 2824 Ita
1070 2783 1112 2824 in
1137 2781 1273 2837 Griph
1297 2784 1435 2826 storiti
1459 2796 1481 2826 s
1504 2788 1781 2838 posestvom,
1817 2787 1896 2828 kar
1922 2787 2093 2829 hoceta.

386 2850 588 2894 Nastetih
619 2852 661 2906 je
693 2854 777 2895 vec
809 2853 913 2906 pric.

388 2921 548 2964 Datum
581 2923 770 2977 manjka.

389 3012 494 3058 [Cod.
515 3013 550 3049 iz
577 3014 632 3050 12.
652 3015 808 3062 stoletja
834 3026 860 3052 v
878 3016 1097 3053 Driavnem
1122 3018 1258 3053 arhivu
1283 3028 1310 3053 v
1333 3017 1617 3054 Monakovem.
1644 3039 1685 3044 —
1714 3018 1914 3055 Meiche
1929 3020 2093 3061 lbeck,

243 3073 340 3109 Hist.
359 3072 464 3114 Fris„
499 3070 560 3114 lb,
586 3073 668 3115 519,
703 3075 873 3111 §.1244
902 3096 943 3102 —
970 3076 1146 3118 Resch,
1181 3076 1304 3112 Hetas
1331 3078 1484 3120 millen.,
1512 3077 1592 3113 111.
1619 3098 1660 3104 —
1688 3077 1852 3120 Zahn,
1888 3078 1982 3115 Cod.
2002 3080 2093 3124 dipl.

243 3131 503 3174 Rustr.-Fris.,
528 3130 554 3173 1,
579 3131 637 3174 88,
663 3134 711 3169 st.
727 3133 774 3169 88
792 3133 949 3177 (Fontes
970 3143 1042 3171 rer.
1061 3134 1204 3176 Austr„
1230 3135 1328 3181 Dipl.
1347 3136 1475 3180 XXXI)
1502 3136 1527 3171 k
1546 3137 1624 3172 letu
1643 3146 1675 3173 c.
1696 3136 1798 3173 1070.
1827 3158 1868 3163 —
1889 3137 2002 3183 Jaks
2016 3140 2072 3174 ch
2085 3166 2094 3179 ,

244 3190 355 3227 Mon.
375 3191 463 3227 hist.
486 3191 572 3227 duc.
591 3190 823 3236 Carinthiae,
850 3192 905 3234 111,
934 3193 1013 3235 126,
1040 3196 1086 3230 st.
1105 3194 1201 3239 306]

385 3295 397 3314 ²
416 3295 464 3323 To
484 3303 521 3324 se
540 3295 571 3330 ie
591 3296 724 3332 zgodllo
744 3296 819 3326 med
837 3296 936 3326 letom
957 3301 1036 3327 1052.
1057 3299 1088 3327 in
1110 3302 1197 3333 1078„
1218 3299 1260 3329 ko
1279 3299 1310 3336 je
1330 3308 1350 3329 v
1370 3300 1540 3337 Freislnqu
1560 3301 1670 3330 vladal
1691 3301 1768 3330 Skof
1788 3301 1974 3331 Ellenhard.

385 3342 396 3360 ²
414 3341 462 3371 Tu
482 3349 556 3371 nam
574 3342 605 3378 ie
625 3342 735 3373 misliti
754 3351 795 3372 na
815 3343 922 3379 Kaplo
941 3346 991 3381 pri
1011 3346 1110 3375 Dravl
1129 3346 1171 3376 ali
1192 3354 1234 3383 pa
1254 3354 1295 3376 na
1316 3347 1423 3383 Kaplo
1443 3346 1598 3384 (Kappel)
1619 3356 1659 3378 na
1681 3347 1898 3378 Grobniskem
1919 3349 2018 3385 polju.

387 3389 399 3407 ³
418 3388 530 3418 Bance
549 3389 700 3426 (Faninq)
720 3398 759 3420 so
780 3392 1054 3422 severozahodno
1075 3394 1118 3422 od
1139 3393 1290 3424 Celovca.

1881 3458 1946 3494 13*
