2332 3704
1015 251 1072 295 St.
1093 259 1172 299 188.
1202 258 1280 295 189.
2005 259 2072 295 119

1930 315 2070 329 11

1017 389 1109 457 St.
1135 403 1271 457 188.

365 499 520 551 1055,
553 500 676 544 med
708 511 941 544 marcem
971 499 1026 543 in
1058 498 1427 544 novembrem.

368 571 773 615 Karantanski
817 571 1084 627 vojvoda
1115 570 1275 614 Welf
1318 572 1359 613 in
1400 572 1604 614 rezenski
1637 570 1741 614 skof
1764 569 1973 614 Gebhard
2006 574 2074 613 sta

223 657 273 687 se
307 657 329 687 s
361 644 620 696 cesarievim
655 644 955 699 dovoljenjem
987 643 1126 686 vrnila
1159 643 1200 684 iz
1234 642 1368 697 Italije
1401 655 1430 685 v
1462 643 1718 685 domovino.
1758 641 1826 684 Tu
1860 645 1927 684 sta
1961 653 2010 684 se
2044 654 2072 683 v

222 716 354 758 zvezi
386 727 412 756 z
445 716 701 758 nekaterimi
735 715 922 771 druqimi
955 714 1141 757 velikasi
1173 713 1359 756 Zarotila
1392 725 1531 767 zoper
1563 713 1737 767 cesaria
1756 715 1822 755 ter
1844 724 1900 767 qa
1923 712 2072 755 hotela

223 787 433 829 odstaviti
476 787 518 828 in
564 787 749 837 umoriti,
794 798 852 828 na
882 786 1078 841 njeqovo
1111 787 1254 827 mesto
1288 796 1345 839 pa
1378 783 1654 839 povzdiqniti
1688 783 1875 839 bivseqa
1909 783 2072 826 bavar-

224 858 364 912 skeqa
398 857 596 910 vojvoda
642 856 864 907 Konrada,
910 858 953 898 ki
991 856 1032 910 je
1064 856 1207 898 takrat
1239 855 1357 898 bival
1389 867 1446 896 na
1480 854 1713 910 quskem.
1755 853 1824 897 To
1857 867 1907 897 se
1940 866 1998 908 pa
2031 855 2073 897 ni

224 929 420 983 zqodilo,
466 929 570 982 kajti
610 929 775 982 najprej
821 928 862 982 je
906 927 1014 970 umrl
1046 927 1247 981 vojvoda
1294 926 1491 977 Konrad,
1538 925 1684 968 kmalu
1717 928 1821 968 nato
1853 926 1894 979 je
1926 926 2072 968 zbolel

223 999 316 1042 tudi
347 999 484 1042 Welf.
516 999 583 1041 Ta
615 1011 664 1042 se
695 999 736 1053 je
768 999 893 1041 zacel
927 999 1082 1049 kesati,
1116 997 1173 1039 da
1205 1010 1255 1040 se
1283 998 1324 1051 je
1346 997 1535 1040 zavezal
1562 1009 1703 1051 zoper
1721 997 1938 1051 vladarja;
1969 999 2074 1039 zato

226 1082 299 1112 mu
330 1071 371 1125 je
401 1071 604 1112 naznanil
629 1070 770 1113 ostale
790 1070 1034 1120 zarotnike,
1068 1070 1164 1112 sebi
1188 1081 1245 1123 pa
1268 1069 1449 1123 izprosil
1472 1068 1760 1122 odpuscanje.
1794 1067 1863 1110 Ko
1885 1068 1926 1122 je
1950 1067 2072 1119 umrl,

224 1154 278 1184 so
312 1153 368 1196 qa
402 1142 613 1195 pokopali
646 1154 675 1184 v
707 1140 1013 1184 Hltdorfskem
1047 1140 1339 1183 samostanu.¹

365 1209 482 1246 Eun.
511 1209 721 1247 Altahen.
750 1209 851 1246 mai.
887 1210 939 1245 ad
969 1219 1004 1245 a.
1025 1210 1117 1246 1055
1143 1208 1247 1253 (MG.
1275 1208 1356 1250 SS„
1390 1209 1466 1249 XX,
1498 1209 1580 1249 807,
1615 1207 1716 1251 808):
1753 1208 1872 1250 „Dum
1908 1217 2003 1253 erqo
2030 1208 2069 1243 in

223 1269 332 1305 Italia
360 1272 623 1305 commoratur
648 1269 716 1313 (sc.
739 1269 974 1314 imperator),
1002 1269 1159 1314 quidam
1186 1269 1234 1304 de
1261 1269 1370 1314 regni
1397 1268 1647 1313 principibus,
1675 1268 1739 1312 qui
1766 1268 1885 1304 etiam
1906 1267 2074 1303 familia-

224 1329 347 1365 riores
379 1330 430 1364 illi
463 1329 706 1370 videbantur,
739 1329 814 1364 hoc
846 1331 907 1365 est
939 1328 1193 1365 Gebehardus
1229 1330 1390 1373 patruus
1417 1328 1500 1363 eius
1527 1327 1824 1364 Ratisbonensis
1851 1327 2074 1372 episcopus,

225 1388 333 1424 Welf
366 1388 687 1425 Charintanorum
724 1389 800 1425 dux
824 1389 971 1434 aliique
997 1389 1218 1433 complures
1246 1388 1489 1423 clandestina
1517 1397 1604 1423 cum
1631 1387 1690 1423 his
1718 1387 1882 1423 consilia
1909 1387 2072 1422 concin-

225 1451 329 1489 nant.
357 1449 421 1493 qui
447 1449 595 1493 pridem
621 1449 765 1493 publici
792 1449 927 1484 hostes
954 1449 1179 1484 extiterant.
1206 1447 1324 1493 Igitur
1350 1447 1433 1482 Deo
1455 1447 1614 1492 dignum
1633 1449 1841 1492 augustum
1861 1446 1941 1482 vita
1960 1446 2075 1482 simul

222 1510 263 1543 et
290 1518 411 1553 regno
438 1509 602 1552 privare,
629 1507 893 1549 Chuononem‚
921 1509 986 1552 qui
1005 1508 1057 1543 ad
1076 1507 1257 1553 Un9aros
1278 1507 1522 1552 confugerat,
1549 1507 1587 1541 in
1607 1506 1735 1541 locum
1755 1506 1838 1542 eius
1857 1506 2072 1551 subrogare

224 1569 428 1608 conantur.
456 1570 494 1603 et
513 1568 698 1612 quoniam
716 1568 755 1603 in
775 1568 848 1603 hac
870 1568 1141 1603 coniuratione
1162 1569 1285 1607 erant,
1307 1568 1348 1602 ut
1367 1566 1554 1610 praedixi,
1573 1566 1820 1610 imperatoris
1838 1565 2075 1605 amicissimi,

227 1628 354 1671 potuit
382 1627 603 1662 miserabile
629 1627 781 1662 facinus
809 1627 1039 1672 perpetrari,
1065 1627 1216 1661 scilicet
1242 1626 1314 1661 nisi
1341 1626 1416 1661 hoc
1434 1625 1538 1660 Deus
1559 1627 1601 1660 ut
1620 1634 1756 1661 casses
1778 1625 2075 1660 comminuisset

222 1695 469 1727 aranearum,
495 1687 679 1731 quoniam
698 1696 776 1722 non
798 1688 858 1721 est
879 1686 1084 1721 consilium
1103 1695 1231 1730 neque
1250 1685 1442 1720 fortitudo
1463 1687 1599 1720 contra
1619 1685 1755 1720 Deum.
1774 1685 1943 1720 Primum
1962 1683 2076 1729 igitur

227 1745 401 1786 Chuono.
434 1755 548 1790 quem
575 1746 790 1790 principem
817 1746 1029 1790 elegerant,
1064 1744 1274 1781 miserabili
1302 1744 1549 1780 excruciatus
1577 1746 1702 1789 peste.
1736 1744 1913 1780 fraudem
1941 1745 1980 1778 et
2006 1752 2076 1778 ne·-

226 1805 386 1849 quitiam
424 1805 648 1840 terminavit
683 1807 820 1840 morte.
855 1804 954 1840 Mox
987 1804 1104 1839 etiam
1130 1803 1244 1844 Welf,
1279 1803 1503 1839 infirmitate
1529 1806 1732 1848 correptus
1759 1804 1863 1839 etin
1890 1802 2075 1838 extremis

228 1865 303 1899 iam
338 1865 579 1910 poenitentia
612 1864 764 1905 ductus,
800 1873 991 1909 peccasse
1026 1873 1070 1899 se
1104 1863 1259 1908 publice
1285 1863 1485 1899 fatebatur
1510 1866 1560 1903 et,
1595 1865 1636 1898 ut
1662 1863 1944 1909 indulgentiam
1971 1862 2077 1906 apud

226 1925 435 1969 augustum
462 1926 638 1965 mereret,
664 1923 829 1968 supplex
856 1924 1103 1968 precabatur.
1130 1922 1198 1958 Cui
1225 1923 1341 1968 etiam
1368 1925 1516 1958 curtem
1543 1931 1667 1963 suam,
1706 1922 1879 1968 Utinqun
1905 1922 2079 1962 dictam,²

227 1983 400 2028 delegari
426 1982 530 2023 fecit,
555 1983 687 2018 socios
714 1983 997 2018 coniurationis
1024 1982 1177 2027 aperuit
1203 1985 1242 2018 et
1269 1991 1359 2017 mox
1387 1982 1562 2017 ultimum
1588 1982 1690 2017 diem
1718 1982 1891 2018 clausit.“

371 2041 606 2078 Bettholdi
639 2040 843 2078 Annales
877 2042 928 2077 ad
962 2051 998 2077 a.
1027 2041 1119 2078 1055
1153 2039 1259 2085 (ΜΕ.
1277 2040 1359 2082 SS..
1385 2041 1430 2082 V,
1455 2040 1556 2085 269):
1594 2040 1869 2083 „Gebehardus
1894 2041 2078 2086 Ratispo-

230 2101 362 2137 nensis
389 2101 614 2146 episcopus,
641 2103 680 2137 et
706 2101 810 2137 Welf
835 2101 912 2137 dux
939 2101 1136 2136 licentiam
1163 2101 1401 2145 repatriandi
1427 2101 1478 2135 ab
1505 2101 1740 2145 imperatore
1759 2101 2077 2146 impetraverant.

227 2161 446 2205 militesque
480 2152 618 2196 eorum'
649 2161 719 2202 eis,
754 2163 795 2196 ut
829 2161 949 2201 aiunt.
986 2161 1258 2206 ignorantibus
1295 2162 1432 2196 contra
1459 2160 1735 2205 imperatorem
1762 2161 2078 2196 coniuraverunt.

227 2218 315 2263 Quo
349 2222 526 2264 tempore
553 2220 662 2256 Welf
695 2221 785 2263 dux,
819 2219 900 2256 suis
935 2222 974 2256 et
1008 2220 1113 2256 omni
1140 2220 1286 2265 populo
1313 2220 1432 2255 flebili
1460 2219 1672 2255 admodum
1700 2222 1826 2255 morte
1853 2221 2077 2265 preventus,

227 2281 267 2314 et
292 2281 387 2315 voto
413 2282 575 2315 sanctae
603 2280 853 2316 monachicae
879 2280 985 2315 vitae
1010 2279 1095 2315 Deo
1121 2289 1257 2315 revera
1284 2289 1327 2315 se
1353 2279 1544 2315 initiando
1572 2280 1788 2320 dedicatus,
1813 2279 1920 2324 apud
1944 2279 2078 2315 Hltor-

226 2339 338 2374 fense
365 2340 599 2375 coenobium
625 2340 800 2384 sepultus
826 2340 919 2375 est.“

369 2397 570 2435 Historia
594 2397 848 2435 Welforum
874 2397 1241 2444 weingartensis
1275 2397 1380 2442 (ΜΟ.
1406 2397 1488 2438 88..
1522 2398 1614 2439 XXI,
1648 2397 1751 2442 46ης
1793 2397 1884 2439 „Hic
1911 2397 2078 2442 denique

228 2456 343 2493 Guelf
373 2458 446 2493 sub
478 2459 634 2494 iuvenili
667 2460 773 2493 etate
808 2467 895 2493 cum
929 2460 1036 2493 esset
1072 2458 1110 2492 in
1137 2459 1269 2493 castro
1296 2457 1462 2492 Botamo
1474 2460 1499 2498 ³,
1535 2458 1674 2493 morbo
1700 2459 1904 2502 correptus
1931 2459 1992 2493 est
2017 2457 2078 2492 vi-

230 2517 404 2561 densque
436 2517 509 2552 sibi
542 2518 702 2553 iminere
736 2519 899 2553 mortem
926 2526 1042 2552 omne
1068 2518 1343 2561 patrimonium
1370 2526 1482 2552 suurn
1509 2527 1595 2552 cum
1623 2517 1951 2558 ministerialibus.
1987 2517 2076 2562 quia

230 2575 413 2610 heredem
439 2585 487 2611 ex
515 2586 558 2612 se
586 2586 663 2612 non
690 2577 836 2618 habuit,
863 2577 913 2611 ad
940 2577 1146 2612 cenobium
1174 2576 1398 2612 Hltorfense
1423 2577 1564 2612 sancto
1590 2576 1764 2612 Martino
1790 2577 1828 2611 in
1849 2578 2078 2622 perpetuam

229 2635 524 2679 possessionem
561 2635 724 2671 donavit
746 2662 754 2671 .
774 2663 782 2671 .
803 2662 811 2670 .
848 2635 935 2680 lpse
961 2645 1057 2671 vero
1084 2636 1186 2671 diem
1213 2636 1400 2672 claudens
1426 2638 1642 2671 extremum
1669 2636 1735 2671 illo
1763 2636 1991 2681 deportatus
2018 2638 2079 2671 est

229 2696 269 2729 et
295 2703 382 2729 cum
409 2694 578 2730 maximo
604 2695 762 2739 planctu
788 2704 947 2730 suorum
973 2704 1020 2730 ac
1046 2695 1166 2730 totius
1193 2695 1402 2730 vicinitatis
1429 2695 1640 2740 sepultus.“

370 2752 487 2790 nnn.
507 2752 852 2800 weissenburg.
879 2755 930 2790 ad
949 2764 985 2790 a.
1005 2753 1219 2798 10551MG.
1237 2753 1318 2795 SS„
1338 2754 1394 2797 ΙΙΙ,
1415 2754 1491 2798 70):
1521 2754 1770 2796 „coniuratio
1791 2754 1947 2799 Welphi
1968 2754 2077 2790 ducis

232 2811 540 2850 Karendinorum
567 2815 703 2849 contra
730 2814 1042 2858 imperatorem.“

1026 2917 1119 2985 st.
1145 2932 1283 2986 189.

372 3026 526 3078 1055,
560 3027 667 3072 dne
699 3027 763 3071 11.
786 3027 1098 3072 novembra.
1125 3028 1316 3071 Verona.

375 3098 512 3142 Cesar
555 3098 807 3142 HenrikIII.
840 3099 989 3154 podeli
1030 3103 1290 3142 samostanu
1335 3112 1401 3142 sv.
1423 3099 1606 3142 Zenona
1650 3100 1713 3152 pri
1748 3098 1914 3141 Veroni
1947 3099 2075 3141 vsled

232 3171 410 3225 prosnje
450 3173 585 3225 opata
615 3170 826 3213 I-llberika
859 3173 942 3213 vec
975 3174 1188 3224 posestev
1220 3174 1285 3213 ter
1318 3170 1548 3224 sodnijsko
1582 3170 1729 3212 oblast
1761 3172 1840 3212 cez
1874 3170 2079 3224 dvanajst

374 3276 382 3293 ¹
404 3273 534 3303 altdorff
553 3274 582 3308 ie
602 3281 644 3302 na
664 3273 977 3303 WiirtemberSlrem.

373 3324 384 3340 ²
404 3321 514 3358 Uttinq
544 3322 574 3357 je
604 3322 651 3356 pri
682 3321 908 3350 Ammerskem
936 3321 1047 3357 jezeru
1067 3321 1301 3358 iugozahodno
1322 3321 1364 3350 od
1387 3321 1630 3356 monakoveqa.
1662 3320 1707 3349 Ta
1729 3320 1811 3349 dvor
1832 3320 1861 3355 je
1882 3319 1971 3349 Welf
1991 3320 2078 3349 dobil

231 3369 275 3398 od
297 3369 512 3401 fldalberona.
532 3369 693 3404 zadnjeqa
713 3368 806 3405 qrofa
827 3369 857 3398 iz
877 3369 1035 3398 rodovine
1056 3369 1296 3404 Ebersberqov.

373 3417 385 3434 ³
405 3416 491 3446 Grad
512 3416 659 3445 Bodman
679 3416 708 3452 je
728 3415 772 3444 bil
792 3416 834 3445 ob
855 3415 1062 3445 Bodenskem
1082 3416 1201 3451 iezeru.
