2332 3704
257 213 329 249 254
1038 204 1094 247 St.
1111 212 1193 252 397,
1218 211 1301 248 598.

399 438 543 490 1091,
578 439 683 483 dne
717 437 803 483 25·
824 437 975 495 maia·
1051 389 1143 444 St·
1170 390 1316 444 597.

403 523 541 566 Cesar
573 523 740 566 Henrik
771 522 841 565 IV.
865 523 1010 577 potrdi
1042 526 1302 565 samostanu
1335 535 1400 566 sv.
1423 522 1597 565 Feliksa
1629 523 1672 564 in
1704 521 1940 565 Fortunata
1971 534 2001 565 v
2031 520 2108 563 Vi-

258 596 384 638 cenzi
437 595 630 649 nieqove
683 595 862 648 pravice
916 594 958 636 in
1012 597 1240 647 posestva.
1293 593 1404 636 Med
1454 594 1705 636 navzocimi
1758 596 1827 636 sta
1878 592 1966 635 bila
2016 591 2110 635 tudi

259 666 527 721 oglejski
560 665 829 719 patriarh
862 664 1114 708 Udalrik
1155 665 1197 707 in
1233 677 1289 719 pa
1328 664 1619 716 Bernhard‚
1654 667 1804 719 prost
1835 663 2109 719 oqlejSke

258 738 440 780 cerkv
456 750 491 779 e.

398 807 550 860 „Anno
584 807 799 851 dominice
831 807 910 850 inc.
933 806 1162 850 millesimo
1195 807 1483 862 nonagesimo
1516 806 1558 858 I.,
1590 806 1824 849 indictione
1853 803 2001 858 XIIII„
2032 805 2133 865 hoc⁴

260 883 405 923 actum
440 883 507 923 est
534 879 589 922 X.
611 879 695 922 kal.
722 879 835 922 Iunii
866 879 909 922 in
941 878 1031 921 Dei
1050 879 1223 921 nomine
1245 878 1448 933 feliciter,
1480 878 1608 933 regni
1626 889 1727 921 vero
1755 876 1905 920 domni
1933 876 2115 920 Henrici

257 951 530 994 serenissimi
559 951 837 1006 imperatoris
869 950 1007 992 XXX
1013 949 1127 1001 VIII„
1160 950 1331 1004 imperii
1361 951 1506 992 autem
1547 948 1674 992 VIII.“

402 1036 564 1082 [Izvirna
591 1037 721 1073 listina
747 1047 772 1072 v
797 1036 969 1072 Vicenzi.
997 1056 1039 1062 -
1068 1036 1283 1082 U911elli,
1310 1036 1419 1072 Italia
1438 1046 1552 1071 sacra
1572 1035 1609 1077 V,
1632 1035 1735 1072 1040.
1762 1056 1803 1061 —
1833 1034 2109 1076 Castellini,

259 1097 389 1133 Storia
416 1097 516 1132 della
543 1096 636 1132 citta
662 1097 699 1132 di
729 1096 909 1137 Vicenza,
937 1095 975 1137 V,
1004 1095 1083 1132 107.
1111 1116 1152 1121 -
1182 1095 1258 1131 Cfr.
1275 1095 1405 1132 Neues
1425 1095 1564 1131 Archiv
1585 1095 1653 1130 der
1671 1094 1925 1131 Gesellschaft
1945 1094 1971 1130 f.
1989 1094 2111 1129 altere

262 1156 445 1192 deutsche
472 1155 836 1196 Geschichtskunde,
865 1154 921 1196 111,
947 1153 1019 1199 93.]

401 1334 555 1380 1092·
1056 1270 1149 1339 st.
1177 1285 1329 1340 598.

404 1407 542 1450 Cesar
574 1406 741 1449 Henrik
774 1406 844 1448 IV.
865 1407 906 1461 je
939 1406 1329 1461 sentgallenskeqa
1363 1408 1498 1459 opata
1541 1404 1753 1447 Udalrika
1796 1403 2054 1458 povzdiqnil
2087 1415 2115 1445 v

261 1479 523 1534 oglejskeqa
556 1478 804 1533 patriarhal
838 1481 901 1520 ter
928 1489 1002 1519 mu
1029 1477 1211 1528 dovolil,
1246 1477 1304 1519 da
1324 1477 1366 1530 je
1388 1476 1480 1518 tudi
1514 1475 1680 1529 opatij0
1702 1477 1752 1517 se
1775 1474 1890 1528 daIJe
1915 1474 2115 1516 oberal.

260 1550 452 1605 Noveqa
484 1550 706 1604 patriarha
737 1550 778 1604 je
811 1549 1002 1603 posvetil
1036 1549 1301 1602 protipapeZ
1333 1546 1510 1602 Wipert
1541 1544 1761 1600 (Klement
1792 1543 1886 1600 111.),
1931 1545 2114 1589 Udalrik

258 1622 300 1676 je
333 1622 587 1677 preqovoril
620 1621 804 1675 cesarja‚
839 1620 897 1662 da
928 1620 969 1674 ie
1003 1620 1186 1675 pregnal
1230 1619 1565 1673 konstanskeqa
1610 1617 1743 1660 skofa
1787 1617 2037 1668 Gebharda‚
2072 1617 2114 1658 ki

259 1693 300 1747 je
333 1693 390 1734 bil
423 1693 568 1735 takrat
607 1695 813 1746 papeiev
856 1692 975 1746 leqat
1006 1692 1049 1733 in
1081 1691 1206 1733 vikar
1238 1703 1268 1733 v
1300 1689 1499 1744 Nemciji,
1545 1693 1610 1731 ter
1642 1701 1699 1731 na
1731 1689 1925 1744 njeqovo
1971 1691 2114 1730 mesto

260 1765 453 1818 postavil
486 1764 877 1819 sentqallenskeqa
922 1762 1097 1804 meniha
1142 1761 1342 1804 Arnolda
1386 1761 1428 1803 iz
1474 1760 1866 1815 Heiliqenber9a2.
1908 1758 2025 1802 Nato
2072 1759 2113 1814 je

260 1836 453 1889 patriarh
486 1835 605 1877 hotel
638 1848 660 1877 s
694 1834 776 1877 silo
811 1834 1028 1888 pripeljati
1069 1832 1268 1875 Hrnolda
1302 1845 1331 1875 v
1365 1831 1608 1882 Konstanz,
1643 1843 1669 1873 a
1702 1831 1885 1874 ondotni
1918 1831 2114 1873 mescani

263 1919 320 1962 qa
351 1908 450 1949 niso
484 1907 661 1961 sprejeli
693 1909 758 1948 ter
791 1918 848 1961 qa
882 1905 1060 1959 prisilili,
1095 1905 1152 1947 da
1185 1917 1234 1947 se
1267 1905 1307 1958 ie
1341 1903 1480 1946 moral
1512 1903 1652 1946 vrniti.

402 1985 620 2023 Bernoldi
646 1985 904 2023 chronicon
929 1987 981 2021 ad
1006 1996 1042 2021 a.
1070 1986 1161 2022 1092
1188 1984 1292 2029 (ΜΟ.
1322 1984 1402 2026 88.,
1428 1984 1473 2026 V,
1499 1983 1599 2028 1555):
1645 1983 1844 2025 „Domnus
1873 1981 2116 2022 Oudalricus,

261 2047 325 2092 qui
352 2047 552 2082 abbatiam
579 2047 705 2082 sancti
738 2045 838 2082 Galli
866 2047 905 2081 et
930 2045 1222 2089 Hquileiensem
1255 2044 1529 2089 episcopatum
1555 2052 1635 2078 non
1662 2042 1844 2078 intrando
1877 2050 1947 2086 per
1971 2040 2115 2076 ostium

262 2106 446 2147 obtinuit,
485 2115 555 2152 per
593 2106 789 2151 quendam
827 2105 1056 2140 monadium
1096 2104 1156 2140 sui
1192 2103 1420 2139 monasterii
1461 2102 1734 2139 Gebehardum
1772 2100 2116 2137 constantiensem

260 2167 492 2211 episcopum
518 2166 771 2211 supplantare
799 2166 965 2200 conatus
993 2166 1066 2206 est,
1093 2164 1154 2199 cui
1181 2163 1452 2199 investituram
1479 2162 1654 2198 eiusdem
1680 2161 1934 2206 episcopatus
1952 2168 1976 2194 a
1995 2158 2115 2194 Hein—

183 2241 186 2244 ·
261 2226 343 2261 rico
364 2225 598 2270 impetravit.
618 2225 686 2260 Set
705 2234 792 2260 cum
813 2223 979 2260 eundem
1000 2223 1339 2268 supplantatorem
1360 2224 1453 2257 ante
1473 2222 1644 2257 natalem
1672 2220 1825 2256 Domini
1850 2219 2115 2254 inthronizare

260 2284 389 2326 vellet,
416 2294 438 2319 a
466 2284 832 2320 Constantiensibus
859 2284 1043 2328 receptus
1070 2292 1150 2318 non
1177 2283 1248 2323 est,
1284 2282 1402 2317 immo
1429 2290 1508 2317 non
1534 2281 1620 2316 sine
1653 2279 1892 2316 contumelia
1925 2276 2115 2323 repedare

261 2344 487 2389 compulsus
514 2344 607 2379 est.“

404 2412 548 2450 Casus
586 2411 852 2450 monasterii
889 2411 1272 2456 petrishusensis,
1311 2411 1375 2447 lib.
1402 2411 1459 2451 III,
1493 2421 1526 2446 c.
1558 2410 1605 2447 29
1646 2409 1751 2454 (ΜΟ.
1784 2408 1866 2450 SS„
1900 2408 1976 2450 XX,
2011 2406 2115 2451 656):

265 2473 341 2509 „De
368 2471 578 2509 Oudalrico
611 2473 839 2518 patriarcha.
875 2472 994 2518 Igitur
1028 2482 1096 2507 rex
1130 2472 1333 2508 Heinricus
1373 2471 1559 2506 abbatem
1594 2469 1821 2505 monasterii
1855 2467 1983 2513 san-cti
2017 2465 2116 2503 Galli

262 2533 518 2577 patriarcham
545 2533 650 2577 apud
677 2531 924 2578 Aquileqiam
951 2532 1154 2567 constituit
1179 2533 1219 2567 et
1244 2533 1448 2575 utramque
1475 2531 1714 2575 potestatem
1741 2528 1890 2564 habere
1927 2527 2115 2573 permisit,

262 2601 333 2638 pro
360 2602 409 2628 eo
436 2592 542 2637 quod
568 2601 724 2637 semper
749 2591 945 2627 erroribus
973 2592 1056 2627 eius
1083 2593 1169 2626 toto
1196 2591 1335 2626 annisu
1362 2589 1536 2625 favebat.
1564 2588 1637 2634 Qui
1656 2598 1679 2623 a
1701 2588 1879 2633 Wiperto
1899 2586 2115 2627 ordinatus,

262 2653 400 2686 contra
428 2651 645 2686 catholicos
681 2651 925 2697 tyrannidem
959 2651 1182 2686 exercebat.
1217 2650 1273 2685 Ea
1301 2650 1349 2685 de
1376 2659 1496 2685 causa
1523 2649 1642 2684 etiam
1676 2657 1808 2693 regem
1834 2646 2048 2692 instigavit,
2074 2647 2116 2681 ut

262 2711 526 2746 venerabilem
554 2709 825 2746 Gebehardum
854 2709 1199 2745 Constantiensem
1234 2709 1465 2753 episcopum
1492 2707 1714 2752 depelleret,
1752 2708 1791 2742 et
1817 2706 1934 2741 alium
1967 2715 2039 2750 pro
2065 2714 2114 2740 eo

263 2771 534 2811 constitueret,
561 2778 610 2804 eo
638 2769 744 2813 quod
770 2769 854 2813 ipse
888 2778 1098 2813 numquam
1125 2768 1159 2803 ei
1186 2768 1248 2803 vel
1274 2767 1391 2802 alicui
1425 2766 1622 2802 fautorum
1656 2774 1817 2801 suorum
1852 2765 1929 2800 ulla
1963 2764 2115 2800 ratione

263 2830 552 2865 communicare
578 2828 780 2864 voluisset.
807 2828 900 2863 Erat
927 2829 1028 2863 enim
1054 2827 1156 2863 idem
1183 2826 1438 2863 Gebehardus
1464 2828 1557 2861 tunc
1583 2824 1772 2868 temporis
1807 2825 1962 2869 legatus
1989 2825 2029 2859 et
2054 2822 2114 2858 vi-

263 2889 393 2923 carius
419 2888 628 2932 apostolici
654 2888 693 2923 in
719 2887 973 2922 Theotonicis
992 2886 1180 2932 partibus.
1199 2886 1278 2921 Iam
1299 2886 1427 2921 dictus
1446 2894 1542 2930 erqo
1561 2882 1806 2927 Oudalricus,
1829 2883 1894 2918 diu
1914 2892 2002 2918 cum
2020 2891 2114 2928 rege

263 2948 556 2992 conspiratione
583 2947 729 2988 habita,
756 2947 910 2981 demum
937 2946 1078 2981 obtulit
1105 2945 1139 2981 ei
1166 2955 1282 2980 unum
1311 2945 1359 2980 de
1386 2943 1583 2980 monachis
1610 2943 1689 2978 suis
1709 2942 1867 2978 nomine
1886 2941 2114 2983 Arnoldum,

264 3007 312 3041 de
339 3006 462 3042 Santo
490 3007 656 3042 Monte³
689 3006 949 3051 progenitum,
983 3006 1226 3049 promittens,
1253 3006 1294 3039 ut
1321 3004 1353 3039 si
1386 3003 1422 3039 ei
1449 3003 1720 3048 episcopatum
1755 3001 1878 3042 daret,
1915 3001 2001 3046 ipse
2026 3010 2113 3037 eum

263 3065 414 3109 absque
442 3066 523 3100 eius
551 3066 687 3101 labore
714 3065 937 3100 intruderet.
965 3064 1099 3108 Itaque
1126 3073 1213 3099 cum
1239 3073 1308 3098 rex
1334 3063 1437 3098 votis
1464 3062 1547 3097 eius
1574 3060 1848 3101 satisfecisset,
1874 3060 1937 3095 ille
1956 3060 2114 3096 domum

264 3134 467 3169 regressus
495 3134 582 3160 cum
614 3134 755 3170 magna
782 3133 899 3159 manu
926 3123 1080 3158 militari
1106 3122 1321 3158 Hrnoldum
1357 3121 1629 3157 Constantiam
1663 3120 1836 3161 adduxit,
1868 3122 1929 3155 set
1963 3119 2113 3155 civibus

263 3184 316 3218 ad
341 3193 450 3218 arma
477 3184 799 3219 concurrentibus
826 3186 865 3219 et
890 3183 982 3219 forti
1008 3183 1224 3228 pertinacia
1250 3181 1535 3222 resistentibus,
1563 3180 1680 3215 inacti
1706 3180 1987 3215 recesserunt.“

406 3278 417 3295 ¹
436 3277 484 3305 To
505 3285 541 3305 se
562 3277 591 3311 ie
613 3276 746 3312 zqodilo
766 3277 831 3306 leta
853 3279 931 3304 1086.
955 3275 1003 3305 Gl.
1026 3276 1067 3305 st.
1088 3278 1151 3304 381.

407 3325 418 3342 2
437 3324 667 3359 Heiliqenberg
687 3324 717 3359 je
737 3330 880 3352 sever-no
901 3323 944 3352 od
965 3322 1185 3358 Bodenskeqa
1204 3321 1315 3358 jezera
1335 3328 1377 3350 na
1396 3320 1613 3350 Badenskem.

406 3372 418 3390 ³
438 3371 472 3400 Id
492 3372 542 3400 est
563 3371 802 3407 Heiliqenberq.
