2332 3704
968 211 1025 253 St.
1042 217 1124 257 329,
1150 217 1232 258 330,
1259 217 1341 253 331.
2007 217 2074 252 195

1011 369 1103 438 st.
1136 383 1289 437 329.

362 479 512 531 1077,
543 490 761 524 meseca
793 479 966 535 maja-¹
999 479 1165 523 Rezno.

363 551 479 606 Kralj
514 551 680 594 Henrik
714 551 783 594 IV.
815 552 856 605 ie
889 551 1012 593 zbral
1036 564 1065 593 ν
1089 549 1240 592 Reznu
1265 550 1487 593 bavarske
1509 551 1550 592 in
1574 551 1708 592 eeslze
1732 551 1888 600 kneze,
1924 554 2072 604 potem

221 624 695 678 karantanskeqa
728 622 1006 677 voivoda,
1041 622 1314 677 katereane
1337 634 1359 664 s
1382 622 1509 676 seboj
1538 622 1751 675 pripeljal,
1785 625 1850 663 ter
1883 622 2072 676 oqlej-

221 695 398 750 skeqa
432 694 745 748 patriarha.
795 693 912 736 Nato
944 694 1017 748 jim
1048 693 1090 747 ie
1123 706 1145 736 s
1177 693 1382 736 solznimi
1415 694 1530 736 oemi
1563 693 1756 747 povedal
1790 705 1870 735 vse
1903 697 1963 743 to,
1997 694 2075 735 kar

220 778 271 808 se
303 765 343 818 je
376 778 405 808 ν
436 766 642 820 zadnJem
676 768 783 807 Casu
815 765 997 820 zqodilo
1031 766 1074 807 in
1106 765 1184 807 kar
1215 765 1256 818 je
1289 767 1343 806 Ze
1377 765 1586 807 nekoliko
1622 765 1711 818 prej
1745 765 1949 806 naznanil
1982 765 2074 806 tudi

221 835 538 879 Lombardom.

363 904 600 942 Bettholdi
623 905 740 942 Han.
759 905 810 940 ad
835 914 871 941 a.
891 904 982 941 1077
1010 903 1115 948 (ΜΟ.
1135 904 1217 946 SS.,
1238 904 1284 946 V,
1302 904 1405 948 29²0:
1447 904 1567 946 „Mox
1602 905 1842 950 Ratisponae
1877 915 1964 940 curn
1998 905 2075 940 Da-

222 965 458 1010 qoariorum,
484 965 731 1000 Boemiorum
758 973 928 1009 quoque.
947 973 1019 999 nec
1038 971 1117 1000 non
1138 963 1449 1000 Carantanorum
1475 964 1714 1010 principibus
1735 966 1785 1005 et,
1805 974 1920 1009 quem
1940 974 2074 1000 secum

221 1024 311 1060 inde
337 1024 411 1059 huc
437 1024 674 1064 adduxerat⁷>
694 1033 772 1059 non
800 1024 960 1059 multum
985 1024 1071 1059 viro
1099 1023 1291 1067 probabili
1318 1024 1535 1068 patriarcha
1562 1023 1814 1069 Hquileiensi‚
1835 1024 1970 1059 habito
1991 1024 2075 1059 col-

221 1084 355 1128 loquio
381 1084 430 1119 de
455 1084 515 1119 his
541 1083 723 1119 omnibus
749 1093 852 1128 quae
878 1083 1115 1124 acciderant,
1142 1083 1238 1128 ipsis
1274 1086 1316 1119 ut
1347 1086 1387 1120 et
1424 1092 1548 1126 nuper
1582 1083 1854 1129 Longobardis
1886 1075 1967 1120 non
2003 1084 2077 1119 mi·-

222 1144 346 1179 nimas
372 1152 468 1179 suae
497 1143 758 1188 depositionis
785 1143 1115 1188 querimoniarum
1141 1143 1475 1187 proclamationes
1503 1143 1734 1178 lacrimosus
1761 1143 1996 1188 proposuit.
2016 1171 2024 1179 .
2044 1145 2074 1179 .“

1010 1273 1103 1341 st.
1132 1287 1293 1341 330.

362 1382 514 1435 1077,
545 1381 691 1438 proti
722 1382 900 1428 koncu
931 1383 1084 1438 maja.
1118 1383 1231 1427 Ulm.

365 1455 482 1510 Kralj
517 1455 683 1498 Henrik
714 1454 785 1497 IV.
827 1455 868 1509 je
911 1467 967 1497 na
1009 1455 1151 1497 zboru
1190 1468 1219 1497 ν
1252 1454 1382 1498 Ulmu
1416 1454 1633 1506 razsodil,
1678 1454 1735 1496 da
1768 1467 1821 1497 so
1854 1454 2076 1508 protikralj

222 1524 570 1581 Rud01f‚(bivsi)
603 1527 984 1569 karantanski
1017 1526 1274 1580 vojvoda
1308 1525 1613 1574 Berhtold,
1647 1526 1858 1569 bavarski
1881 1525 2078 1580 vojvoda

222 1598 350 1642 Welf
392 1602 455 1641 ter
497 1598 584 1653 njih
627 1598 813 1641 svabski
857 1599 1034 1652 pristasi
1067 1609 1126 1651 po
1160 1598 1404 1640 s-vabskem
1438 1609 1579 1650 pravu
1613 1597 1722 1639 krivi
1755 1596 2004 1651 veleizdaje
2036 1597 2079 1638 in

223 1671 281 1712 da
311 1671 385 1724 jim
417 1670 459 1724 je
491 1670 616 1712 treba
648 1671 767 1712 vzeti
800 1669 888 1724 njih
921 1670 1232 1723 dostojanstva
1265 1669 1308 1710 in
1341 1668 1488 1711 fevde.
1522 1667 1639 1711 Nato
1667 1669 1707 1721 je
1734 1668 1841 1722 kralj
1869 1668 2079 1710 nekatere

222 1745 354 1785 vzete
386 1742 522 1785 fevde
548 1741 669 1795 takoj
697 1741 869 1796 podaril
896 1741 1057 1794 svojim
1090 1741 1326 1794 pristasem
1357 1743 1423 1782 ter
1453 1740 1512 1794 jih
1545 1739 1651 1782 tako
1684 1743 1734 1782 se
1768 1739 1855 1793 bolj
1889 1739 2080 1793 pridobil

222 1825 279 1856 na
312 1814 444 1865 svojo
477 1816 609 1855 stran.
651 1812 938 1866 Zborovanja
970 1824 1019 1854 se
1061 1812 1102 1865 je
1144 1811 1237 1854 iudi
1280 1811 1470 1854 udeleiil
1515 1811 1771 1866 oqlejski
1813 1810 2080 1864 patriarh

225 1883 538 1939 Siqehard‚
583 1884 626 1926 ki
667 1884 708 1936 je
746 1883 856 1937 pred
890 1883 1129 1937 ljudstvom
1161 1883 1342 1937 preeital
1374 1883 1584 1925 nekatera
1617 1882 1888 1936 ponarejena
1920 1882 2077 1935 pisma,

225 1968 253 1998 o
274 1955 440 1998 katerih
469 1967 519 1998 se
540 1955 582 2008 je
602 1955 741 2006 reklo,
775 1955 832 1996 da
854 1955 913 2008 jih
934 1955 975 2009 je
999 1957 1146 2008 papeZ
1167 1966 1227 2008 po
1250 1954 1366 2009 njem
1389 1951 1464 2008 (po
1485 1951 1724 2008 patriarhu)
1743 1953 1803 2008 tja
1826 1953 1981 2007 poslal.
2014 1952 2081 1995 Ta

226 2027 369 2080 pisrna
391 2039 444 2069 so
466 2027 603 2080 kralja
622 2026 914 2069 vsestransko
936 2025 1226 2081 zaqovarjala
1249 2029 1314 2067 ter
1337 2037 1394 2081 qa
1416 2037 1544 2068 vsem
1565 2024 1858 2079 priporoeala.
1881 2023 2080 2066 Patriarh

225 2111 275 2140 se
306 2098 348 2153 je
381 2110 403 2140 s
435 2100 523 2140 tem
556 2098 701 2140 Cinom
733 2097 926 2151 pokazal
959 2097 1098 2151 kralju
1131 2097 1210 2140 kot
1240 2097 1391 2151 dovolj
1426 2096 1655 2152 vredneqa
1688 2096 1989 2151 prilizovalca.

368 2165 605 2203 Bettholdi
628 2165 745 2202 Rnn.
764 2166 816 2202 ad
843 2176 879 2202 a.
898 2166 990 2202 1077
1016 2165 1122 2210 (ΜΟ.
1141 2165 1223 2207 SS..
1246 2166 1284 2207 V,
1302 2165 1407 2210 295):
1438 2165 1538 2208 „Rex
1565 2168 1696 2202 autem
1723 2165 1925 2201 Heinricus
1946 2164 2082 2199 habito

226 2227 373 2267 Ulmae.
400 2235 487 2261 cum
514 2226 654 2270 quibus
681 2228 850 2271 poterat,
878 2225 1089 2270 colloquio,
1116 2235 1250 2271 regem
1285 2225 1519 2261 Roudolfum
1546 2235 1635 2260 cum
1661 2225 1824 2261 ducibus
1850 2224 1931 2259 suis
1957 2223 2080 2259 Berli-

224 2285 335 2321 toldo
361 2287 400 2320 et
424 2285 555 2320 welfo
575 2287 614 2320 et
633 2285 800 2320 caeteris
821 2284 1126 2320 Alemannorum
1147 2285 1220 2329 ipsi
1242 2287 1601 2320 consentaneorum
1620 2285 1843 2324 maioribus.
1864 2283 2080 2319 secundum

222 2346 350 2391 leqem
376 2343 682 2385 Riemannicam,
709 2344 822 2388 quasi
843 2343 986 2389 dignos
1004 2343 1182 2389 iugulari,
1204 2344 1300 2379 fecit
1321 2344 1607 2379 sententialiter
1626 2343 1873 2379 adiudicatos
1892 2343 2081 2382 damnari,

227 2407 267 2440 et
293 2404 439 2449 pariter
465 2404 720 2449 dignitatibus
748 2405 788 2438 et
814 2403 1018 2439 beneficiis
1044 2404 1124 2439 suis
1151 2404 1311 2448 privari;
1339 2403 1479 2448 quibus
1507 2402 1717 2438 confestim
1750 2402 1959 2438 nonnullos
1985 2411 2083 2437 suo-

227 2473 310 2498 rum
336 2463 596 2498 beneficiatos
623 2463 782 2504 ditavit;
810 2465 850 2498 et
874 2463 931 2498 sic
957 2463 995 2498 in
1021 2463 1206 2498 auxilium
1232 2463 1307 2498 sibi
1332 2463 1418 2503 hos.
1446 2464 1485 2497 et
1512 2471 1648 2498 omnes
1676 2471 1776 2507 quos
1803 2461 1942 2506 potuit,
1971 2470 2079 2495 more

227 2531 301 2557 suo
326 2522 528 2557 adiuratos
562 2522 707 2557 obnixe
741 2522 941 2558 conduxit.
990 2522 1044 2557 Ibi
1079 2521 1295 2567 patriarcha
1336 2522 1562 2566 praedictus
1601 2531 1688 2557 cum
1728 2521 1867 2556 litteris
1906 2519 2081 2565 pseudo—

229 2582 400 2627 graphis.
428 2582 540 2626 quasi
574 2591 598 2617 a
634 2582 780 2617 domno
808 2582 1031 2627 apostolico
1063 2582 1102 2617 in
1136 2582 1208 2617 has
1242 2583 1376 2626 partes
1411 2590 1482 2625 per
1517 2581 1622 2616 illum
1655 2580 1909 2620 transmissis,
1944 2588 2078 2615 coram

229 2641 376 2686 populo
403 2641 587 2681 recitatis.
614 2650 746 2686 regem
779 2650 892 2676 suum
925 2641 1159 2677 omnimodis
1200 2640 1487 2682 defensitando,
1521 2643 1560 2676 et
1594 2640 1706 2685 quasi
1744 2639 1970 2675 authentica
2009 2639 2082 2674 hac

230 2700 436 2735 maiestate
462 2710 550 2735 eum
576 2701 726 2736 cunctis
755 2701 1082 2742 commendando,
1108 2701 1234 2746 ipsum
1261 2701 1299 2735 in
1325 2700 1435 2746 regni
1466 2700 1598 2736 fasces
1636 2700 1905 2745 di9nissimum
1940 2708 2082 2734 assen-

228 2760 372 2804 tatorie
397 2760 495 2796 satis
522 2760 756 2796 idoneavit.“

1026 2829 1118 2898 st.
1148 2844 1285 2898 331.

372 2937 522 2989 1077,
556 2938 661 2983 dne
692 2939 757 2982 11.
777 2939 956 2995 iuniia.
989 2940 1269 2995 Norimberg.

375 3010 495 3065 Kralj
529 3009 695 3053 Henrik
722 3011 785 3054 IV.
818 3011 967 3065 podeli
1000 3011 1128 3054 vsled
1162 3011 1340 3064 prosnje
1374 3011 1500 3064 svoje
1534 3022 1730 3064 soproqe
1765 3009 1895 3051 Berte
1927 3012 1992 3051 ter
2024 3020 2084 3062 po

231 3084 419 3124 nasvetu
452 3081 604 3123 raznih
636 3082 782 3136 svojih
815 3082 1074 3133 fevdnikov,
1108 3082 1210 3124 med
1244 3082 1442 3123 katerimi
1480 3082 1520 3135 je
1564 3081 1622 3122 bil
1664 3081 1756 3122 tudi
1799 3081 2082 3122 karantanski

232 3152 429 3207 vojvoda
463 3151 636 3194 Liutold
673 3149 924 3208 [„L1'11dolf0
969 3152 1222 3205 Carintie‘7,
1278 3152 1567 3206 KranJ'sko
1622 3164 1701 3194 me
1712 3152 1806 3206 juo
1861 3151 2014 3206 qrofi
2026 3151 2083 3205 jo

232 3236 261 3265 ν
294 3224 492 3277 popolno
525 3223 610 3265 last
629 3222 828 3278 Oqlejski
849 3224 1012 3275 cerkvi,
1046 3225 1248 3278 njenemu
1277 3223 1498 3277 patriarhu
1523 3222 1770 3278 Siqehardu
1794 3223 1835 3264 in
1859 3222 2081 3277 nJeqovim

375 3328 385 3345 ¹
406 3326 493 3362 Kralj
515 3326 635 3355 Henrik
654 3326 684 3362 je
703 3326 747 3356 bl!
768 3334 788 3356 o
808 3326 906 3356 veliki
932 3327 1006 3356 noei
1026 3327 1102 3362 (dne
1122 3330 1165 3356 16.
1188 3327 1304 3363 aprila)
1329 3329 1366 3355 se
1386 3334 1427 3355 na
1448 3325 1610 3362 oglejskih
1631 3325 1706 3354 tleh.
1727 3325 1812 3354 Nato
1833 3332 1870 3354 se
1888 3324 1919 3360 je
1940 3328 1998 3353 cez
2019 3323 2086 3352 Ka-

230 3373 391 3409 rantanijo
411 3374 534 3409 napotil
555 3381 574 3402 v
595 3373 707 3403 Rezno
728 3373 784 3410 (91.
806 3375 846 3403 st.
868 3375 943 3409 328).
965 3374 1033 3404 Dne
1054 3378 1096 3402 11.
1118 3374 1217 3410 junija
1238 3382 1274 3404 se
1293 3374 1324 3410 je
1345 3376 1383 3402 ze
1398 3382 1418 3402 v
1434 3373 1650 3409 Norimberqu
1665 3373 1762 3402 mudil
1776 3372 1831 3408 (91.
1846 3373 1885 3401 st.
1901 3375 1950 3399 331
1967 3372 1998 3400 in
2012 3372 2085 3406 332).

1871 3432 1935 3469 18*
