2332 3704
933 211 989 253 St.
1007 218 1088 257 339,
1116 218 1197 257 540,
1223 217 1304 257 541,
1331 217 1413 252 542.
2032 217 2096 252 201

390 362 600 419 „SIgnum
633 374 766 405 manu
797 362 1089 417 suprascripti
1128 362 1278 404 domni
1315 361 1543 404 Lizztaldus
1586 361 1674 403 dux
1718 362 1793 415 qui
1835 372 1886 403 oc
1926 361 2100 415 signum

247 438 399 477 sancte
431 435 570 477 crucis
593 434 739 488 fecit.“

393 502 553 548 [lzvirna
587 503 716 538 listina
751 513 776 538 ν
810 502 1076 548 Kapitelskem
1111 502 1248 537 arhivu
1275 512 1299 536 ν
1326 501 1496 536 Vicenzi.
1519 522 1559 526 -—
1597 500 1791 542 Gloria.
1830 501 1973 536 Codice
2010 502 2101 546 dipl.

248 563 478 603 padovano,
507 563 531 602 1,
559 563 638 603 273.
666 565 712 598 st.
733 561 830 607 241]

1034 654 1126 723 St.
1153 669 1311 722 340.

389 764 538 815 1078,
573 765 678 808 dne
712 765 760 809 5.
784 764 854 808 ali
887 763 936 809 6.
957 764 1275 809 novembre.

391 837 556 880 Takrflt
587 839 626 891 je
661 838 768 879 umrl
804 837 1090 879 Berhtold
1125 837 1152 880 I.
1176 839 1216 878 iz
1246 837 1358 878 rodu
1380 836 1648 892 Zfihrinqov,
1684 836 1798 878 bivssi
1831 836 2100 890 vojvoda

248 910 664 959 karantanski,
722 921 778 950 na
836 910 1009 963 svojem
1069 909 1208 964 gradu
1262 908 1534 963 Lirnburqul.
1595 906 1814 961 Dokopan
1871 908 1910 961 je
1963 907 2019 948 bil
2072 920 2101 949 ν

248 979 594 1023 Hirschauskem
629 983 901 1023 samostanu.

388 1048 605 1085 Bernoldi
639 1047 894 1086 chronicon
930 1050 980 1084 ad
1015 1059 1050 1084 a.
1070 1048 1164 1084 1078
1190 1047 1293 1092 (ΜΟ.
1314 1047 1395 1090 SS„
1424 1047 1468 1088 V.
1503 1047 1604 1091 435):
1642 1047 1811 1089 „Eodem
1848 1048 1966 1082 etiam
2000 1049 2100 1082 tem—

247 1117 342 1153 pore
364 1136 372 1144 .
393 1135 399 1143 .
421 1136 429 1144 .
456 1109 662 1144 Bertaldus
690 1108 975 1145 Carinthiorum
1002 1107 1079 1143 dux
1101 1135 1109 1143 .
1132 1134 1138 1141 .
1159 1136 1167 1143 .
1194 1107 1374 1143 obierunt
1401 1108 1438 1142 in
1466 1108 1599 1150 pace.“

395 1166 628 1205 Bettholdi
652 1167 858 1205 Annales
885 1169 935 1204 ad
959 1178 998 1204 a.
1018 1169 1110 1204 1078
1135 1167 1240 1211 (ΜΟ.
1261 1166 1342 1208 SS„
1369 1166 1414 1208 V,
1440 1166 1541 1211 3151:
1572 1167 1690 1212 „Ipsis
1718 1167 1854 1202 diebus
1883 1167 1959 1202 dux
1981 1166 2102 1201 Berh—

245 1228 376 1263 toldus
397 1254 406 1262 .
428 1256 436 1264 .
458 1256 466 1263 .
493 1229 593 1263 diem
614 1255 622 1263 .
643 1256 652 1263 .
673 1255 680 1263 .
708 1228 904 1264 clauserat
932 1229 1180 1263 extremum.“
1728 1261 1731 1264 .

386 1287 505 1323 Anu.
525 1286 761 1333 Argentin.
781 1288 831 1323 ad
858 1297 893 1323 a.
915 1288 1006 1323 1077
1034 1286 1138 1331 (ΜΕ.
1159 1286 1240 1328 SS..
1267 1286 1376 1326 XVII,
1403 1286 1478 1330 88);
1518 1286 1773 1327 „Bertholdus
1802 1286 1878 1321 dux
1906 1285 2099 1322 carinthi—

246 1357 367 1388 orum,
394 1348 458 1392 qui
486 1348 534 1383 de
560 1347 767 1393 Zerinqem
794 1348 853 1383 vir
878 1348 1109 1388 catholicus,
1136 1347 1265 1382 obiit.“

386 1405 577 1443 Frutolfi
596 1405 883 1452 (Ekkehardi)
904 1405 1163 1443 chronicon
1179 1404 1443 1442 universale
1464 1408 1515 1440 ad
1533 1415 1568 1440 a.
1585 1405 1675 1441 1077
1696 1404 1800 1448 (ΜΟ.
1815 1404 1896 1445 88.,
1917 1405 1976 1446 VI,
1997 1404 2099 1449 203):

248 1466 524 1506 „Berhctoldus
559 1468 691 1501 autem
726 1466 774 1501 de
800 1466 999 1512 Zarinqon
1035 1467 1112 1501 dux
1139 1467 1337 1511 quondam
1366 1465 1560 1502 Carinthie
1588 1465 1626 1500 in
1653 1464 1823 1509 quodam
1852 1465 1999 1509 oppido
2026 1474 2099 1500 suo

245 1525 429 1571 Lintperq
449 1553 457 1561 .
476 1553 484 1561 .
506 1553 515 1562 .
542 1526 683 1561 dicitur
703 1553 710 1561 .
730 1553 739 1561 .
761 1553 768 1561 .
794 1527 914 1561 vitam
942 1526 1114 1562 finisse.“

389 1583 667 1630 Genealoqia
700 1583 995 1631 zaringorum
1029 1584 1132 1629 (ΜΟ.
1154 1584 1235 1625 SS.⁷
1269 1584 1359 1625 xm,
1396 1583 1495 1628 735):
1536 1583 1814 1626 „Berchtoldus
1850 1593 1938 1618 cum
1973 1583 2096 1618 barba

245 1644 413 1680 nominis
439 1644 551 1679 huius
578 1644 725 1688 primus
749 1671 757 1679 .
773 1672 781 1679 .
803 1672 811 1679 .
838 1644 979 1679 deinde
1007 1644 1207 1679 Karinthie
1235 1644 1494 1688 principatum
1514 1644 1688 1688 suscepit
1708 1645 1746 1678 et
1767 1643 1872 1687 apud
1891 1642 2098 1678 cenobium

245 1704 400 1739 Hirsow
427 1704 603 1748 sepultus
631 1704 724 1739 est.“

386 1761 706 1808 Necroloqium
731 1761 1107 1799 petrishusanum
1139 1763 1190 1798 ad
1216 1773 1308 1798 non.
1326 1762 1517 1798 Novemb.
1534 1778 1574 1790 z
1596 1764 1630 1798 5.
1650 1772 1740 1798 ηον.
1761 1761 1864 1806 (MG.
1883 1761 2048 1802 Necrol..
2075 1762 2099 1803 Ι,

243 1821 344 1865 676):
374 1821 603 1863 „Bertoldus
632 1821 743 1857 dux.“

386 1879 604 1917 Bernoldi
629 1879 776 1916 Notae
802 1879 1122 1927 necroloqicae
1148 1881 1201 1917 ad
1226 1882 1258 1917 8.
1274 1882 1360 1917 idus
1386 1881 1483 1916 Nov.
1502 1896 1541 1909 z
1562 1881 1596 1916 6.
1615 1890 1703 1916 nov.
1719 1879 1824 1924 (ΜΟ.
1839 1880 1919 1921 SS..
1940 1880 1980 1922 V,
1997 1879 2099 1924 392):

247 1940 488 1981 „Bertoldus,
515 1940 604 1985 piae
632 1941 843 1976 memoriae
870 1941 947 1976 dux
975 1940 1294 1976 carinthiorum.“

1044 2081 1136 2149 St.
1164 2096 1301 2149 541.

385 2189 537 2242 1078,
571 2190 677 2235 dne
709 2190 784 2236 19.
807 2190 1122 2235 novembra.
1158 2191 1266 2234 Rim.

385 2262 557 2305 Sinoda
589 2276 618 2306 ν
651 2262 778 2305 Rimu
811 2276 839 2306 ν
872 2264 1023 2306 cerkvi
1056 2276 1121 2306 εν.
1143 2262 1408 2318 Salvatorja,
1456 2264 1549 2317 kjer
1591 2276 1644 2306 so
1687 2276 1736 2305 se
1779 2263 1880 2305 med
1925 2263 2097 2318 druqim

242 2333 334 2376 tudi
366 2334 669 2376 obravnavale
702 2334 876 2377 zadeve
920 2335 1181 2390 oqiejskeqa
1225 2335 1447 2388 patriarhfl
1491 2334 1686 2377 Henrika
1728 2335 1771 2376 in
1816 2334 2098 2389 qradesskeqa

242 2405 462 2457 patriarha
496 2405 731 2448 Dominika
764 2405 834 2447 IV.
866 2405 985 2457 [,‚De
1011 2406 1270 2461 patriarcha
1304 2405 1597 2460 Aquileiensi;
1629 2405 1682 2449 de
1696 2406 1955 2461 patriarcha
1979 2404 2095 2450 Gra-

243 2473 427 2528 densi.“l

383 2545 534 2597 „Anno
586 2546 643 2589 ab
690 2548 992 2591 incarnatione
1038 2547 1222 2590 Domini
1272 2548 1497 2591 millesimo
1548 2548 1878 2603 septuagesimo
1929 2551 2096 2598 octavo,

237 2617 528 2672 pontificatus
559 2629 659 2661 vero
692 2618 842 2661 domni
873 2617 1080 2674 Gregorii
1114 2619 1290 2674 septimi
1314 2631 1466 2674 papae
1496 2622 1634 2670 sexto,
1671 2619 1735 2662 13.
1755 2618 1969 2662 kalendas
2000 2619 2095 2662 De—

244 2687 439 2739 cembris,
471 2688 706 2732 indictione
736 2690 943 2741 secundo,
980 2689 1200 2733 celebrata
1221 2694 1286 2733 est
1303 2690 1499 2746 synodus
1522 2690 1661 2737 Rome
1682 2692 1725 2734 in
1749 2691 1933 2734 ecclesia
1954 2691 2100 2734 sancti

243 2757 529 2803 Salvatoris.“

385 2827 575 2874 [Gregorii
601 2828 678 2866 VII.
697 2830 864 2875 registri,
890 2830 950 2871 Vi,
975 2828 1027 2866 51>
1059 2841 1084 2866 v
1106 2830 1383 2867 Vatikanskem
1410 2831 1547 2867 arhivu
1573 2842 1599 2867 v
1626 2831 1746 2867 Rimu.
1775 2852 1814 2857 -—
1843 2829 1996 2876 Jaffe',
2031 2831 2095 2866 Bi-

242 2887 438 2923 bliotheca
466 2897 537 2923 rer.
556 2887 696 2930 Germ..
723 2889 763 2930 ΙΙ,
788 2888 1001 2935 330—335.]

1035 3006 1127 3075 St.
1153 3022 1305 3076 542.

383 3111 535 3163 1079,
569 3113 674 3158 dne
706 3115 770 3158 11.
790 3114 1079 3170 februaria.
1113 3117 1221 3160 Rim.

384 3185 563 3238 Henrik,
611 3186 726 3229 bivssi
759 3188 987 3230 duhovnik
1029 3188 1323 3243 Huqsburfike
1367 3189 1543 3239 cerkve,
1588 3189 1726 3231 kateri
1767 3190 1808 3244 je
1854 3190 1911 3232 od
1958 3190 2093 3244 kralja

383 3361 391 3378 ¹
413 3359 500 3389 Grad
520 3360 673 3396 Limburq
693 3360 724 3396 je
745 3361 787 3390 bil
809 3368 850 3390 na
870 3362 1176 3392 severovzhodnem
1197 3362 1511 3392 Wiirtemberskem.
