2332 3704
1018 246 1076 290 St.
1096 255 1152 296 12,
1180 254 1235 295 13,
1263 254 1319 290 ιιι.
2046 255 2084 290 11

378 394 666 433 Constantini
691 394 794 432 Vita
819 395 1124 433 adalberonis
1160 396 1211 433 11.
1245 396 1464 433 mettens.
1493 396 1647 443 episc..
1685 407 1718 433 c.
1741 397 1784 432 17
1810 396 1914 441 (MG.
1940 397 2009 433 SS.
2029 396 2087 438 IV,

234 454 336 499 664):
364 482 402 496 ,..
418 483 426 491 .
441 483 450 491 .
464 455 638 491 Domnus
653 453 746 491 otto
761 455 850 496 dux,
863 458 975 501 pater
988 456 1098 492 istius
1116 456 1351 492 venerabilis
1371 455 1539 492 Conradi
1561 456 1669 491 ducis
1691 456 1804 491 nobis
1825 457 2089 498 consedentis,

235 516 350 550 natus
376 523 426 550 ex
452 514 532 549 filia
559 516 621 550 est
647 514 778 559 magni
804 513 972 555 Ottonis.
999 515 1108 550 cuius
1135 524 1250 551 soror
1275 514 1476 560 Girbergia
1505 515 1611 550 dedit
1636 515 1756 550 filiam
1777 525 1887 550 suam
1906 514 2090 551 Conrado

234 573 553 619 Burgundionum
579 574 673 619 regi.
699 573 756 609 Ex
784 573 953 610 Conradi
979 576 1109 610 autem
1136 573 1216 609 filia
1244 576 1335 610 nata
1357 576 1418 610 est
1438 574 1595 610 domina
1616 573 1830 614 mathildis.
1850 574 1961 609 huius
1984 573 2088 610 Con-

235 633 318 668 radi
343 633 554 668 assidentis
581 643 691 669 uxor.
716 633 799 669 Hoc
826 642 921 679 ergo
948 634 1207 680 genealogiae
1227 634 1375 674 ordine.
1402 634 1493 678 quia
1519 633 1639 668 frater
1664 643 1856 678 sororque
1880 634 1918 668 in
1938 643 2088 678 suppu-

234 692 383 727 tatione
422 701 500 728 non
539 692 814 733 admittuntur.
851 693 1173 738 consanguinitas
1211 695 1348 728 horum
1388 702 1467 728 non
1506 693 1592 737 plus
1632 701 1747 737 quam
1786 693 1961 728 secundo
1999 693 2090 728 loco

235 751 412 797 elongari
438 752 651 796 praevalet.
677 751 784 787 Haec
811 751 929 787 beato
954 753 1039 787 viro
1066 754 1278 792 retexente,
1304 754 1439 787 tantae
1466 752 1546 787 irae
1573 753 1784 796 tantaeque
1812 752 2028 787 simultates
2050 752 2088 787 in

233 810 319 855 ipsa
346 811 501 857 sgnodo
529 820 719 856 exurgere
747 811 889 856 coepit.
916 813 957 847 ut
982 812 1055 847 nisi
1083 813 1189 847 esset
1214 820 1262 846 ea
1289 810 1474 847 nobilitas
1513 820 1590 856 qua
1627 811 1741 847 coelo
1778 813 1881 846 terra
1911 812 2087 855 marique

234 869 411 915 ultraque
438 879 545 906 mare
571 870 723 906 inclitus
751 870 973 916 effulgebat,
995 870 1198 906 Conradus
1220 871 1309 911 dux,
1328 871 1376 906 de
1398 880 1476 915 quo
1503 880 1565 906 res
1586 871 1777 916 agebatur
1797 872 1836 905 et
1854 871 2088 914 quicumque

233 938 331 964 suae
356 930 476 974 partis
502 932 626 970 erant.
652 939 780 974 neque
806 929 928 965 Deum
955 939 1082 974 neque
1108 930 1256 975 regiam
1282 930 1527 966 maiestatem
1546 932 1783 970 reverentes,
1805 939 1931 974 neque
1951 939 2087 964 sacer-

234 988 405 1029 dotibus.
430 998 595 1034 quorum
617 990 784 1024 maxima
806 991 844 1025 et
864 989 1140 1025 honestissima
1162 990 1367 1037 multitudo
1385 998 1574 1034 praesens
1592 990 1739 1030 aderat,
1761 989 1907 1034 aliquid
1926 989 2088 1025 honoris

234 1048 449 1089 exibentes,
475 1057 583 1083 arma
610 1047 859 1093 furoremque
886 1049 1178 1094 corripuissent,
1218 1051 1257 1084 et
1282 1049 1334 1084 ad
1359 1049 1550 1084 insaniam
1577 1049 1867 1089 exsaciandam.
1902 1048 2087 1093 quicquid
2131 1091 2136 1095 ,

236 1108 324 1143 mali
352 1117 490 1143 manus
519 1108 716 1153 roburque
742 1108 886 1144 inferre
911 1110 1059 1153 posset,
1086 1118 1165 1144 non
1192 1108 1426 1144 omisisset.“

377 1331 546 1384 1003,
580 1333 685 1378 dne
719 1333 805 1378 28.
828 1345 1022 1378 marca.
1055 1236 1147 1304 St·
1172 1251 1266 1304 15·

378 1416 447 1460 Ko
478 1417 520 1471 je
553 1418 659 1471 kralj
694 1416 860 1460 Henrik
893 1417 940 1461 ΙΙ.
962 1431 992 1460 ν
1024 1417 1360 1473 Quedlinburgu
1406 1418 1650 1472 praznoval
1684 1418 1831 1460 veliko
1870 1421 1968 1469 noc,
2015 1421 2083 1460 sta

233 1487 370 1541 prisia
401 1488 460 1542 tja
491 1489 583 1531 tudi
617 1488 748 1540 Oton‚
792 1489 992 1543 vojvoda
1025 1489 1323 1541 karantanski,
1367 1490 1410 1531 in
1443 1488 1614 1540 Ernest,
1648 1489 1850 1543 poznejsi
1884 1489 2083 1542 vojvoda

233 1559 453 1610 svabski,1
486 1561 732 1614 povrnivsa
762 1573 812 1603 se
845 1561 886 1602 iz
910 1560 1060 1614 Italije,
1093 1561 1186 1615 kjer
1219 1564 1288 1603 sta
1307 1573 1357 1603 se
1383 1563 1602 1603 nesrecno
1630 1561 1930 1614 vojskovala.2
1964 1560 2081 1614 Kralj

230 1629 274 1683 ju
306 1630 347 1684 je
380 1630 628 1673 obdaroval
661 1634 727 1673 ter
758 1643 818 1685 po
851 1632 1100 1674 ocetovsko
1133 1631 1295 1674 tolaZil.

375 1709 620 1765 'thietmari
645 1710 921 1755 Clu-onicon,¹
942 1712 987 1753 V,
1012 1712 1055 1748 31
1085 1712 1226 1756 (Kurze
1251 1722 1277 1747 v
1302 1711 1444 1756 Script.
1483 1721 1555 1747 rer.
1582 1711 1708 1747 Germ.
1746 1712 1782 1747 in
1809 1721 1921 1747 usum
1948 1712 2084 1751 schol„

233 1779 269 1814 p.
297 1770 396 1814 1210:
422 1770 568 1811 „Finita
595 1780 764 1816 namque
790 1771 1118 1817 quadragesimali
1145 1771 1394 1811 abstinentia,
1421 1771 1521 1806 sicut
1541 1781 1706 1806 exorsus
1727 1781 1824 1811 sum,
1846 1771 1988 1806 festum
2009 1780 2082 1815 pa-

229 1830 362 1866 schale
389 1829 712 1875 Quidilingaburg
737 1832 1032 1866 antecessorum
1059 1840 1216 1866 suorum
1247 1840 1354 1866 more
1380 1830 1662 1865 honorabiliter
1688 1839 1755 1865 rex
1783 1829 1996 1865 celebravit
2017 1857 2024 1865 .
2044 1857 2052 1865 .
2074 1857 2083 1865 .

229 1887 283 1924 Ibi
310 1889 427 1924 etiam
454 1887 639 1924 Ottonem
678 1890 816 1925 ducem
852 1891 891 1925 et
915 1889 1121 1925 Ernastum
1157 1899 1180 1925 a
1206 1890 1330 1934 prelio
1367 1889 1467 1924 male
1495 1892 1670 1935 pugnato
1697 1891 1937 1925 revertentes
1965 1889 2082 1935 regiis

229 1947 344 1983 donis
371 1948 540 1984 honorat
565 1949 820 1994 paternisque
845 1948 1088 1984 adminiculis
1115 1949 1379 1985 consolatur.‘⁴

371 2017 614 2055 ndalboldi
647 2018 752 2056 vita
785 2019 984 2056 Heinrici
1021 2019 1073 2056 11.
1107 2019 1228 2066 imp..
1256 2030 1287 2056 c.
1307 2020 1354 2055 22
1379 2018 1484 2063 (ΜΟ.
1502 2019 1583 2060 SS..
1604 2019 1663 2060 IV,
1683 2019 1785 2063 689):
1813 2019 1916 2060 „Rex
1945 2018 2082 2063 Quite—

228 2079 366 2124 leborg
392 2079 541 2123 pascha
567 2079 768 2115 celebrat.
791 2107 799 2115 .
819 2107 827 2115 .
854 2078 1038 2115 Ottonem
1066 2089 1222 2124 quoque
1248 2082 1288 2115 et
1312 2079 1594 2120 Ernestionem,
1620 2081 1713 2115 tunc
1739 2079 1812 2114 sibi
1847 2078 2004 2114 obviam
2031 2078 2083 2112 ab

230 2137 365 2174 Italico
391 2139 541 2183 praelio
566 2139 781 2182 venientes,
808 2148 879 2183 pro
906 2140 1108 2175 vulnerum
1135 2139 1400 2183 susceptione,
1427 2148 1498 2183 pro
1525 2138 1774 2174 necessariae
1801 2137 1919 2183 fugae
1941 2137 2083 2172 confuss

229 2198 356 2239 sione.
382 2198 496 2234 donis
524 2199 641 2244 regiis
668 2198 836 2234 honorat
862 2201 901 2234 et
926 2199 1058 2234 debita
1084 2199 1358 2234 consolatione
1386 2199 1569 2234 relevat.“

1049 2327 1142 2394 St.
1167 2341 1262 2393 14.

370 2447 503 2492 Med
535 2448 761 2503 aprilom
792 2449 904 2492 leta
936 2447 1059 2493 999.
1081 2447 1135 2491 in
1167 2448 1359 2502 majem
1391 2448 1503 2492 leta
1535 2447 1718 2492 1003.³

372 2530 525 2585 pape}
558 2531 774 2574 Silvester
806 2531 852 2574 II.
874 2533 915 2586 je
949 2532 1076 2574 vsled
1122 2532 1301 2586 proane
1339 2532 1560 2585 patriarha
1582 2531 1720 2573 Vitala
1767 2530 1926 2584 potrdil
1961 2528 2073 2572 Gra-

230 2601 364 2644 deski
396 2603 546 2644 cerkvi
578 2603 912 2657 metropolitske
946 2603 1125 2657 pravice
1159 2606 1239 2645 cez
1272 2603 1470 2645 beneske
1503 2603 1545 2644 in
1584 2603 1808 2644 istrske
1848 2600 1991 2643 skofe.

1022 2693 1109 2728 Krali
1131 2693 1277 2722 Henrikl

835 2744 1471 2761 ———

815 2775 916 2805 Cesar
937 2775 1023 2805 Oton
1038 2776 1059 2806 Ι.
1311 2774 1479 2811 Gerberga

810 2825 1056 2847 f—dh—
1251 2826 1494 2843 2—-

597 2858 731 2887 Konrad
836 2858 1012 2895 Liulgarda
1305 2858 1444 2888 matilda
1530 2858 1672 2890 Kontad,

485 2904 630 2940 vojvoda
645 2905 812 2934 lotan-insui
1446 2905 1525 2940 krali
1547 2904 1749 2940 burgundski

621 2956 1044 2974 —q——f
1262 2956 1684 2974 ῂ--κν--ϋ

583 2987 678 3021 Oton,
699 2988 842 3024 vojvoda
859 2989 1070 3018 karantanski
1288 2988 1410 3021 Gizela,
1502 2987 1669 3023 Gerberga
1810 2987 1949 3016 Herman
1963 2986 2005 3017 11..

631 3038 787 3070 <ow—983
807 3037 837 3064 in
857 3038 1030 3071 995—1004)
1229 3025 1467 3082 ⁸⁰Pgfflgegi¹r¹5¹2ffk⁸
1757 3035 1899 3069 vojvoda
1914 3034 2050 3062 svanski

485 3085 1190 3103 ————d——
1397 3086 2068 3104 —————-——

465 3115 605 3151 Konrad,
619 3118 764 3153 voivoda
778 3119 990 3147 karantanski
1010 3120 1215 3153 (lom—1011)
1314 3119 1452 3147 matilda
1519 3118 1639 3150 Gizela.
1812 3117 1971 3148 Beatrica,

550 3168 1398 3187 ——›——·——‘
1478 3173 1625 3201 soproga
1640 3173 1667 3194 c.
1707 3171 1854 3199 soproga
1867 3164 2077 3192 Hdalberona

585 3200 718 3229 Konffld
732 3200 766 3229 ¹¹·
789 3201 936 3236 “maisnv
1231 3202 1363 3230 Bfu¹¹⁰¹¹
1473 3212 1670 3242 Kontadall.
1720 3212 1865 3247 vojvoda
1887 3211 2056 3239 karantan-

442 3247 585 3283 vojvoda
606 3247 817 3277 karantanski
837 3249 1051 3283 (1036—1039).
1143 3249 1219 3278 siref
1238 3249 1456 3277 wfirzburskl.

371 3296 380 3314 ¹
401 3295 519 3324 Ernest
533 3295 555 3323 1.
575 3295 606 3331 je
625 3295 669 3324 bil
689 3295 732 3324 od
753 3295 817 3325 leta
838 3299 917 3324 1012.
939 3303 980 3331 pa
1001 3296 1044 3324 do
1065 3300 1144 3324 1015.
1167 3297 1310 3332 vojvoda
1331 3296 1477 3325 svabski.

370 3343 381 3361 ²
401 3341 450 3372 Gl.
465 3343 506 3371 St.
524 3346 566 3370 10.

369 3390 381 3408 ³
401 3390 511 3425 Dapez
534 3389 693 3420 Silvester
706 3390 741 3420 11.
756 3391 787 3427 je
806 3390 849 3420 bil
864 3394 1031 3427 posvecen
1046 3399 1176 3421 meseca
1192 3391 1293 3426 aprila
1309 3391 1372 3419 leia
1386 3394 1458 3423 999„
1478 3390 1558 3419 umrl
1578 3391 1608 3426 je
1629 3397 1670 3426 pa
1685 3391 1747 3420 dne
1765 3394 1795 3418 ¹2
1818 3390 1902 3424 maia
1917 3389 1980 3418 leta
1997 3392 2074 3416 1003.
