2332 3704
998 208 1055 250 St.
1073 215 1154 255 275,
1181 215 1262 251 276.
1989 217 2057 253 169

202 372 275 403 mu
318 360 359 414 Je
405 359 505 414 baje
538 359 753 402 slovesno
784 359 955 410 zatrdil,
1001 359 1059 402 da
1091 360 1133 401 ni
1166 359 1418 402 nobenemu
1452 359 1667 415 druqemu
1701 360 1835 403 oddal
1870 358 2057 414 (Karan-

200 428 374 484 tanske)
407 430 661 485 vojvodine.
707 429 1043 473 Markward
1078 431 1117 483 je
1150 442 1207 472 na
1239 431 1370 484 svojo
1403 431 1514 473 roko
1547 431 1738 484 napadel
1771 432 1863 485 tujo
1886 433 2060 486 zemljo.

202 500 371 544 Nikdar
415 514 470 544 ne
512 514 634 544 more
676 502 750 544 biti
783 502 1007 557 njeqovim
1041 499 1408 556 (Berhtoldovim)
1442 503 1667 556 pravicam
1702 515 1729 545 ν
1763 503 1886 553 kvar,
1934 507 1984 545 ce
2018 505 2057 556 je

202 572 292 615 kdo
326 573 433 616 brez
466 573 638 628 visjeqa
672 573 927 627 dovoljenja
961 573 1075 616 delal
1109 573 1256 616 skodo
1289 573 1454 627 javnim
1490 573 1690 616 osebam.
1724 598 1779 603 —
1814 572 2060 617 Akoravno

201 645 241 698 je
284 643 494 687 Berhtold
535 644 680 695 vedel,
726 645 783 686 da
828 657 881 687 so
928 648 970 687 te
1016 645 1184 687 besede
1230 645 1474 698 izmisljene
1507 646 1549 686 in
1583 645 1639 687 da
1673 645 1780 699 kralj
1815 657 1869 687 ne
1903 647 2060 700 qovori

200 715 306 757 tako
352 717 466 769 proti
513 716 658 770 njemu
693 717 734 758 iz
768 717 1107 769 naklonjenosti,
1152 719 1299 758 ternuc
1331 716 1469 758 zarad
1499 713 1802 771 'neuqodneqa
1836 717 2058 770 polozaja‚

201 798 251 829 se
282 786 323 840 je
359 787 528 829 vendar
561 788 732 841 pomiril
765 790 831 830 ter
863 787 1059 841 obljubil,
1093 787 1150 829 da
1183 787 1297 830 hoce
1333 790 1384 829 se
1409 787 1524 842 dalje
1547 787 1941 830 koristitidriavi.1
1975 787 2063 830 Ker

139 889 150 900 .
199 859 240 912 je
285 859 342 900 bil
386 859 489 913 jako
533 871 744 902 razumen
787 860 828 901 in
872 859 1014 902 dober
1046 859 1206 914 ljudski
1239 859 1472 914 qovornik,
1520 871 1577 914 qa
1609 860 1650 913 je
1683 859 1790 913 kralj
1825 859 2001 913 skupno
2033 872 2060 901 z

201 931 513 973 miinsterskim
557 929 737 973 skofom
780 929 1051 973 Friderikom
1084 930 1127 972 in
1161 930 1389 984 kraljevim
1424 930 1662 984 kaplanom
1697 929 1942 986 Siqfridom
1975 942 2060 984 po-

201 1001 283 1043 slal
317 1002 395 1044 kot
427 1002 639 1056 poslanca
674 1004 701 1043 k
734 1000 912 1045 Sasom.

342 1069 571 1107 Lamberti
604 1068 835 1107 Hersfeld.
863 1069 982 1106 Eun.
1012 1070 1064 1106 ad
1099 1080 1134 1106 a.
1158 1070 1251 1106 1073
1276 1068 1382 1114 (MG.
1402 1069 1484 1110 SS..
1522 1069 1566 1111 V,
1602 1070 1702 1114 197):
1740 1070 1865 1112 „Casu
1902 1068 2060 1115 quoque

200 1138 325 1175 nuper
357 1129 585 1171 advenerat.
620 1131 757 1166 nescio
792 1130 886 1175 quid
919 1130 1098 1174 privatae
1132 1139 1278 1165 causae
1304 1131 1463 1165 acturus
1491 1130 1529 1165 in
1556 1130 1704 1174 palatio
1732 1129 1800 1174 (sc.
1821 1131 1873 1165 ad
1899 1130 2061 1166 Hartes-

201 1188 321 1232 burc),
341 1189 548 1225 Bertoldus
568 1189 645 1225 dux
665 1190 863 1234 quondam
884 1189 1194 1226 carentinorum.
1215 1189 1311 1225 Huic
1331 1199 1398 1225 rex
1419 1199 1535 1234 quam
1554 1190 1703 1225 sanctis
1725 1190 2060 1226 obtestationibus

199 1258 244 1284 se
278 1249 485 1294 purgabat,
522 1249 630 1293 quod
664 1249 847 1284 ducatum
882 1250 966 1285 eius
1000 1247 1097 1284 nulli'
1119 1249 1182 1284 alii
1208 1249 1452 1290 tradidisset;
1487 1249 1559 1284 sed
1585 1249 1879 1285 marcwardum
1907 1250 2060 1294 privata

199 1309 521 1352 praesumptione
547 1308 648 1344 fines
675 1308 827 1344 alienos
854 1309 1061 1350 invasisse,
1087 1318 1160 1344 nec
1187 1309 1222 1344 ei
1249 1309 1458 1353 quicquam
1485 1309 1534 1344 de
1561 1309 1642 1344 iure
1663 1317 1737 1344 suo
1758 1311 1967 1353 propterea
1988 1309 2060 1343 im-

200 1367 387 1403 minutum
423 1377 525 1408 esse,
561 1369 606 1409 si,
639 1377 714 1404 suo
747 1368 910 1409 iniussu,
947 1369 1032 1403 sine
1060 1367 1241 1403 consulto
1266 1367 1498 1412 principum.
1533 1368 1704 1403 honores
1732 1368 1913 1412 publicos
1941 1368 2060 1403 homo

200 1427 468 1472 ineptissimus
494 1429 742 1463 temerasset.
770 1427 835 1463 Ille
860 1428 953 1463 licet
980 1427 1078 1463 haec
1106 1427 1202 1462 ficta
1229 1437 1319 1463 esse
1345 1428 1465 1463 sciret
1492 1429 1531 1463 et
1549 1427 1652 1472 regis
1674 1427 1860 1462 malitiam
1881 1429 2057 1463 nontam

199 1486 405 1522 voluntate
431 1496 548 1531 quam
575 1487 758 1522 fortunae
784 1487 973 1522 violentia
1000 1489 1219 1522 correctam
1248 1496 1349 1527 esse,
1376 1489 1508 1522 tamen
1535 1486 1710 1531 suscepit
1731 1486 2059 1529 satisfactionem,

198 1546 379 1589 promisit
412 1555 573 1590 operam
600 1556 712 1582 suam
740 1547 794 1582 rei
822 1546 1002 1591 publicae
1029 1546 1261 1581 utilitatibus
1289 1555 1482 1591 nusquam
1509 1545 1741 1581 defuturam.
1777 1545 1887 1581 Hunc
1914 1546 2060 1590 itaque,

199 1604 289 1648 quia
317 1605 375 1640 vir
399 1607 485 1640 erat
512 1614 689 1641 summae
715 1605 948 1650 prudentiae
974 1607 1013 1640 et
1034 1605 1234 1650 popularis
1262 1605 1526 1649 eloquentiae,
1554 1614 1641 1640 cum
1662 1605 1816 1640 duobus
1835 1614 1954 1650 supra
1975 1614 2061 1640 me-

200 1665 360 1700 moratis
390 1665 589 1710 episcopis
616 1674 684 1700 rex
712 1665 883 1710 legatum
911 1666 1014 1700 misit
1041 1665 1092 1700 ad
1118 1664 1333 1700 Saxones.“

341 1721 510 1768 Brimo.
537 1723 606 1760 De
632 1723 756 1760 bello
784 1722 1028 1767 saxonico,
1057 1733 1089 1759 e.
1107 1724 1154 1759 27
1180 1722 1284 1767 (ΜΟ.
1304 1722 1385 1766 SS„
1414 1723 1458 1764 V,
1485 1723 1590 1767 338):
1620 1723 1770 1766 ..Nuntii
1797 1726 1929 1759 autem
1951 1726 2062 1759 erant

197 1782 414 1818 fridericus
442 1784 665 1828 episcopus,
692 1783 927 1818 Bettholdus
955 1783 1044 1823 dux,
1072 1782 1290 1829 Sigefridus
1318 1783 1421 1828 regis
1449 1782 1710 1827 capellanus.¹‘

991 1900 1084 1967 st.
1111 1914 1257 1967 276.

341 2007 495 2059 1073,
528 2008 652 2053 med
685 2008 734 2054 9.
767 2007 822 2052 in
853 2008 930 2054 13.
957 2010 1265 2065 avqustom.

342 2079 459 2134 Kralj
493 2080 660 2123 Henrik
682 2080 767 2133 IV„
801 2082 1012 2137 katereqa
1045 2094 1099 2124 so
1133 2080 1235 2124 Sasi
1268 2094 1297 2124 v
1330 2081 1596 2137 Harzburgu
1631 2082 1837 2137 obleqali‚
1879 2082 1920 2135 je
1955 2081 2058 2124 vzel

197 2164 219 2193 s
265 2152 392 2206 seboj
445 2149 979 2208 (karantanskeqa)
1039 2153 1305 2207 vojvoda
1359 2152 1717 2204 Berhtolda‚
1774 2156 1924 2206 potem
1970 2152 2104 2195 dvav

197 2222 330 2266 skofa
363 2223 403 2265 in
439 2223 647 2266 nekoliko
680 2224 838 2280 druqih
870 2225 1128 2278 zaupnikov
1159 2228 1224 2267 ter
1251 2227 1277 2266 Ζ
1300 2225 1418 2279 njimi
1442 2237 1470 2267 ν
1491 2227 1678 2267 nocnem
1701 2227 1808 2266 casu
1833 2224 2058 2279 pobeqnil,

197 2294 448 2348 kraIJevske
481 2295 682 2353 insignije
715 2296 758 2337 in
790 2296 861 2338 del
895 2296 1085 2337 zaklada
1118 2297 1159 2350 je
1193 2308 1249 2350 pa
1282 2298 1336 2338 Ze
1371 2295 1577 2350 odposlal
1606 2309 1635 2338 ν
1660 2295 1852 2348 zabojih.
1886 2295 2055 2346 Tistim,

197 2365 239 2406 ki
271 2376 324 2407 so
358 2378 386 2407 ν
419 2366 559 2420 gradu
592 2366 735 2416 ostali,
774 2367 815 2420 je
849 2366 922 2408 dal
955 2367 1084 2417 ukaz,
1127 2367 1183 2408 da
1216 2367 1286 2421 naj
1321 2367 1610 2422 naslednjeqa
1638 2366 1724 2408 dne
1751 2366 1925 2409 kolikor
1958 2378 2055 2408 mo-

198 2439 311 2490 goce
358 2437 597 2491 postopajo
642 2438 761 2488 tako‚
808 2438 949 2480 kakor
993 2438 1035 2480 bi
1083 2438 1140 2480 bil
1182 2442 1231 2480 se
1265 2441 1454 2485 navzoc‚
1500 2442 1564 2480 ter
1597 2439 1667 2491 naj
1701 2438 1971 2480 sovrainiku
2004 2450 2059 2479 ne

198 2506 303 2560 dajo
343 2508 525 2560 povoda
558 2509 717 2559 sumiti,
762 2508 819 2550 da
851 2509 892 2562 je
927 2509 1033 2551 usel.
1083 2501 1215 2551 Cetrti
1249 2509 1335 2551 dan
1370 2521 1422 2552 so
1455 2509 1562 2563 kralj
1597 2509 1639 2550 in
1672 2509 1851 2563 njeqovi
1884 2520 2058 2562 sprem-

197 2577 368 2630 ljevalci
411 2579 531 2632 prisii
575 2579 686 2621 lacni
732 2583 797 2622 ter
841 2580 899 2622 od
947 2580 1107 2634 bdenja
1153 2581 1195 2622 in
1241 2580 1343 2634 hoje
1375 2581 1479 2635 jako
1514 2581 1698 2634 utrujeni
1731 2593 1760 2622 ν
1794 2579 2055 2634 Εεάιννρςρ,

198 2648 291 2701 kjer
322 2661 375 2691 so
408 2661 458 2691 se
491 2650 698 2693 nekoliko
732 2651 969 2705 okrepcali.
1002 2650 1232 2705 Naslednji
1265 2651 1367 2699 dan,
1399 2655 1445 2694 to
1477 2652 1519 2706 je
1552 2651 1637 2693 dne
1669 2651 1734 2694 13.
1756 2654 1960 2706 avqusta‚
1994 2663 2046 2692 so

198 2719 373 2773 dospeli
405 2733 433 2763 ν
466 2720 687 2764 Hersfeld.

289 2827 293 2831 ,
341 2788 569 2827 Lamberti
587 2789 816 2828 Hersfeld.
836 2791 955 2828 nnn.
973 2792 1025 2827 ad
1044 2802 1080 2828 a.
1102 2793 1194 2828 1073
1214 2791 1318 2836 (ΜΟ.
1334 2791 1414 2833 SS..
1442 2791 1485 2832 V,
1514 2791 1614 2836 198):
1644 2820 1674 2833 „.
1691 2820 1698 2827 .
1715 2820 1722 2827 .
1740 2794 1855 2827 nocte
1878 2791 2049 2836 quadam

198 2858 286 2884 cum
313 2849 403 2884 nihil
432 2849 557 2885 minus
583 2852 889 2895 suspicarentur,
923 2851 1008 2896 ipse
1035 2851 1103 2895 (sc.
1126 2861 1193 2887 rex
1221 2850 1438 2894 Heinricus)
1464 2851 1689 2887 Bertoldum
1718 2851 1855 2886 ducem
1883 2853 1922 2886 et
1949 2850 2048 2885 duos

197 2916 316 2952 supra
345 2911 585 2945 memoratos
612 2910 855 2955 episcopos²
881 2912 920 2946 et
947 2911 1048 2946 alios
1075 2911 1285 2955 plerosque
1313 2911 1524 2946 familiares
1551 2920 1646 2946 suos
1674 2920 1807 2946 secum
1826 2910 2053 2954 assumpsit,

341 2992 349 3008 ¹
371 2989 550 3019 Dokazano
569 2990 600 3026 je
625 2990 697 3024 (cfr.
715 2990 833 3027 meyer
853 2999 883 3020 v.
905 2990 1052 3024 Knonau.
1078 2991 1281 3028 Jahrbiicher,
1305 2991 1338 3024 11,
1358 2994 1521 3026 791-853),
1551 2991 1592 3020 da
1620 2991 1770 3020 Lambert
1798 2990 2001 3019 Hersfeldski
2021 2990 2053 3018 ni

197 3038 348 3072 posebno
369 3036 527 3072 zanesliiv
554 3038 783 3073 porocevalec.
808 3038 1043 3067 Wahnschaffe
1070 3039 1151 3071 (Das
1178 3038 1401 3075 Herzoqthum
1430 3038 1583 3072 Karnten.
1606 3040 1664 3067 str.
1685 3042 1732 3073 65)
1760 3037 1927 3074 poudaria.
1955 3038 1996 3066 da
2016 3045 2056 3066 so

197 3084 310 3121 zqorai
333 3085 502 3114 navedene
521 3084 653 3118 besede.
673 3093 690 3114 s
710 3085 859 3115 katerimi
878 3094 915 3115 se
935 3086 965 3121 ie
986 3086 1061 3119 baie
1081 3086 1179 3115 mladi
1199 3086 1280 3122 krali
1303 3086 1516 3122 optaviceval
1538 3087 1585 3121 pri
1606 3086 1752 3121 vojvodu
1773 3084 1961 3115 Berhtoldu.
1981 3085 2058 3119 iako

198 3132 386 3168 neverjetne
406 3133 455 3161 ter
473 3132 518 3167 jih
539 3140 579 3161 ne
599 3139 746 3162 moremo
772 3134 923 3162 smatrati
942 3141 983 3162 za
1003 3135 1164 3163 resnicne.
1199 3134 1362 3167 poroeilo,
1391 3134 1432 3162 da
1459 3141 1496 3162 se
1516 3134 1546 3169 je
1568 3133 1762 3162 Markward
1788 3140 1828 3161 na
1856 3133 1953 3167 svoio
1974 3132 2057 3161 roko

198 3179 330 3215 polastil
350 3179 419 3215 tuie
439 3179 685 3214 (karantanskei
706 3181 830 3215 zemlie,
850 3181 881 3216 ie
901 3181 980 3210 brez
1000 3181 1120 3210 dvoma
1141 3182 1275 3210 istinito.
1297 3181 1345 3210 To
1365 3181 1395 3217 je
1416 3182 1480 3210 tem
1501 3181 1584 3216 lazje
1607 3180 1708 3212 sloril.
1730 3180 1787 3209 ker
1807 3187 1844 3209 se
1864 3180 1894 3215 je
1914 3180 2058 3214 vojvodu

198 3227 356 3257 Berhtold
375 3227 484 3256 vedno
505 3226 603 3256 mudil
623 3227 718 3263 zunaj
740 3228 834 3263 svoie
854 3228 1042 3264 vojvodine.
1063 3228 1144 3258 Tudi
1165 3228 1334 3264 nasprotje
1355 3228 1429 3257 med
1450 3228 1665 3257 Berhtoldom
1688 3228 1719 3256 in
1733 3227 1867 3263 kraliem
1882 3227 2058 3256 Henrikom

196 3275 229 3309 je
249 3275 466 3304 Markwarda
485 3274 705 3309 izpodbuialo,
726 3274 767 3304 da
786 3275 817 3310 ie
838 3282 881 3310 po
902 3275 1105 3312 Karantaniji
1125 3283 1167 3305 na
1187 3276 1294 3305 shodo
1315 3283 1438 3312 prvega
1454 3275 1521 3304 sii-il
1537 3275 1633 3310 svoio
1649 3275 1766 3307 oblast.
1781 3275 1895 3304 dokler
1910 3276 1941 3303 ni
1956 3274 2058 3310 prlSlo

197 3322 241 3351 do
260 3323 347 3358 teqa.
367 3323 408 3351 da
428 3323 458 3358 je
479 3321 558 3356 krali
582 3321 886 3358 Markwardoveqa
906 3323 978 3351 sina
999 3322 1148 3352 Liutolda
1170 3323 1313 3358 postavil
1332 3331 1372 3352 za
1393 3322 1549 3358 vojvodu.

339 3371 351 3388 ²
371 3369 424 3398 Sc.
446 3369 617 3404 Epponem
639 3369 814 3399 Citiensem
836 3372 867 3398 et
887 3369 1077 3399 Bennonem
1099 3370 1421 3408 osenbruggensem.
