2332 3704
1057 249 1113 292 St.
1134 256 1188 298 16,
1219 256 1274 291 17.
2045 255 2091 291 13

237 400 351 446 signo
378 403 458 436 tam
483 400 716 443 vehementi,
743 402 786 436 ut
810 409 858 435 ex
886 399 1096 435 latentibus
1125 398 1294 434 hostium
1321 398 1470 434 insidiis
1505 398 1628 434 audiri
1655 398 1860 443 potuisset.
1900 397 1972 442 Qui
1999 399 2091 442 post

236 463 408 506 tergum,
435 461 476 495 ut
501 459 780 504 opinabantur,
807 459 955 499 securi,
979 458 1227 494 venientibus
1254 457 1410 493 obviarn
1438 458 1575 493 armati
1603 459 1827 502 properant.
1863 456 1941 492 Sed
1968 456 2090 492 nostri

236 528 307 555 eos
333 529 382 554 ex
408 519 528 555 latere
555 519 744 555 irruentes
770 519 870 554 alios
896 518 1127 564 effugarunt,
1155 517 1346 562 quosdam
1373 519 1504 552 autem
1530 517 1704 561 precipio
1731 519 1770 552 et
1795 516 1833 551 in
1860 515 1990 551 Brenti
2016 516 2091 551 flu-

237 578 349 614 minis
375 579 638 614 inundacione
664 578 953 623 compellebant
977 577 1147 613 interire.
1191 576 1334 621 Sicque
1367 577 1539 612 victores
1575 577 1730 612 clausas
1758 585 1883 620 usque
1909 575 1962 629 ad
1987 575 2091 620 regis

235 638 447 674 adventum
476 638 642 674 sollicite
667 638 915 674 tuebantur.“

379 708 483 750 Ibid.,
510 718 544 745 c.
560 710 584 745 5
609 709 646 753 (l.
668 719 701 744 c.
721 718 758 754 p.
780 708 880 752 136):
908 708 1014 751 „Hoc
1041 718 1108 744 rex
1134 708 1185 744 ab
1211 708 1464 744 internunciis
1491 709 1532 743 ut
1557 707 1716 747 audivit,
1743 705 1886 741 relictis
1908 703 2089 741 omnibus

235 767 542 813 impedimentis,
569 769 727 813 optimis
753 768 984 804 satellitibus
1012 768 1206 813 exceptis,
1241 777 1329 803 curn
1356 776 1498 812 magna
1525 766 1752 802 difficultate
1786 775 1854 800 eas
1881 764 2091 809 pertransit

235 829 275 863 et
299 827 405 863 iuxta
435 828 524 864 litus
550 837 678 872 aquae
704 829 1068 873 supramemoratae
1093 827 1131 863 in
1158 827 1327 872 quadam
1354 829 1467 873 grata
1493 826 1651 871 planitie
1679 827 1809 861 castra
1831 826 1997 859 metatus
2017 825 2088 863 est,

235 888 277 922 ut
302 887 446 922 ibidem
474 897 612 923 cenam
638 887 791 923 Domini
817 889 856 923 et
881 886 1074 922 crismatis
1100 887 1441 923 consecrationem
1467 895 1514 921 ac
1542 886 1768 931 passionem
1796 883 2030 919 dominicam
2048 884 2088 917 et

234 948 413 982 sanctam
440 947 522 982 eius
549 947 881 982 resurreccionem
907 955 1116 991 sumopere
1141 947 1432 982 veneraretur.“

377 1016 619 1054 ndalboldi
643 1016 745 1055 vita
771 1015 971 1054 Heinrici
994 1016 1046 1053 11.
1073 1017 1193 1064 imp„
1220 1027 1254 1053 e.
1272 1018 1320 1053 33
1346 1016 1451 1062 (ΜΟ.
1471 1016 1551 1057 SS..
1571 1016 1631 1057 IV,
1650 1015 1752 1059 691):
1780 1015 1895 1058 „Inde
1923 1015 1991 1059 (se.
2020 1022 2088 1048 rex

236 1076 454 1121 Heinricus)
481 1086 719 1121 promovens
745 1077 959 1113 exercitum
988 1086 1058 1121 per
1082 1077 1170 1112 loca
1196 1077 1354 1117 sterilia,
1381 1086 1451 1121 per
1478 1079 1664 1112 montana
1691 1086 1846 1121 aspera,
1873 1086 1944 1121 per
1968 1073 2090 1109 Silvas

235 1136 446 1180 spatiosas,
482 1145 552 1180 per
583 1137 669 1172 vias
704 1136 884 1178 lubricas,
919 1136 971 1172 ad
996 1136 1260 1172 Tridentinam
1295 1137 1493 1171 civitatem
1528 1139 1716 1181 pervenit.
1750 1139 1804 1175 Ibi
1837 1141 1876 1176 in
1911 1142 1974 1177 die
2001 1138 2089 1182 pal-

237 1205 383 1231 marum
428 1205 504 1240 qua
543 1197 715 1240 oportuit
753 1196 979 1232 celebritate
1019 1205 1114 1232 suos
1152 1196 1333 1232 diurnare
1372 1195 1477 1231 fecit.
1525 1196 1645 1232 Huius
1684 1199 1894 1236 adventum
1935 1201 2089 1236 Hardu-

235 1255 321 1290 inus
349 1264 416 1290 rex
441 1255 683 1292 adulterinus
722 1256 1010 1301 praesentiens,
1050 1255 1101 1290 ad
1139 1255 1269 1291 clusas
1308 1265 1408 1300 quos
1446 1256 1520 1291 sibi
1559 1257 1807 1294 fidelissimos
1839 1261 2090 1296 existimabat

235 1314 421 1350 custodes
459 1315 691 1355 transmisit,
730 1317 769 1351 et
806 1317 1162 1360 quantumcumque
1200 1316 1327 1360 potuit
1364 1315 1578 1350 exercitum
1618 1317 1842 1354 coadunare
1877 1319 2090 1355 festinavit.

234 1373 383 1409 Deinde
415 1374 453 1409 in
486 1374 684 1418 planitiem
710 1374 975 1410 Veronensem
1000 1375 1120 1415 venit,
1154 1374 1310 1410 eventui
1343 1375 1468 1419 primo
1501 1375 1664 1412 similem
1698 1377 1735 1412 in
1769 1377 1905 1414 futuris
1941 1380 2084 1415 exitum

234 1435 439 1477 sperans.“

378 1504 482 1546 Ibid.,
509 1515 542 1540 c.
561 1505 610 1541 34
634 1505 673 1549 (l.
698 1515 731 1541 c.
758 1514 795 1550 p.
820 1505 902 1546 691.
927 1504 1030 1549 692):
1058 1505 1188 1546 „Haec
1214 1505 1416 1541 Heinricus
1444 1515 1512 1541 rex
1539 1508 1772 1552 percipiens,
1800 1510 1851 1544 ad
1877 1510 1974 1545 alias
2002 1511 2089 1546 vias

235 1573 279 1599 se
306 1564 479 1604 contulit.
506 1574 585 1600 non
612 1566 653 1599 ut
679 1564 893 1600 declinaret
918 1564 1118 1609 praelium,
1144 1564 1216 1600 sed
1242 1566 1283 1600 ut
1308 1564 1525 1600 faciliorem
1552 1566 1626 1601 sibi
1653 1570 1859 1611 quaereret
1878 1568 2090 1605 introitum.

218 1622 327 1664 ,Erat
353 1623 455 1659 enim
482 1623 741 1668 impossibile,
781 1633 851 1668 per
888 1624 1018 1659 clusas
1058 1624 1165 1659 iuxta
1203 1623 1398 1663 Flthesim.
1437 1634 1535 1669 quas
1562 1625 1783 1662 Harduinus
1811 1637 1899 1663 cum
1926 1629 2089 1672 plurima

235 1683 478 1719 multitudine
513 1684 716 1724 tuebatur,
754 1683 933 1719 transire.
975 1683 1124 1719 Interea
1164 1683 1408 1728 capellanum
1447 1684 1645 1729 quendam
1671 1695 1801 1727 suum,
1828 1687 2089 1732 Helmigerum

235 1742 404 1783 nomine.
430 1743 483 1778 ad
508 1742 752 1779 Carentanos
779 1743 1007 1787 praemittit;
1034 1745 1075 1778 ut
1101 1743 1230 1778 clusas
1257 1743 1374 1788 longe
1402 1753 1424 1778 a
1451 1745 1514 1779 via
1542 1747 1647 1780 recta
1675 1747 1883 1790 sepositas,
1911 1756 2012 1791 quae
2038 1747 2089 1782 ab

235 1800 435 1837 Harduino
462 1802 587 1838 minus
614 1805 728 1838 caute
763 1803 993 1843 tuebantur,
1032 1805 1389 1847 praeoccuparent,
1429 1805 1600 1840 mandat.
1639 1804 1726 1840 Non
1753 1806 1855 1840 enim
1882 1806 2088 1851 quisquam

236 1861 397 1896 credere
422 1863 588 1906 poterat,
616 1863 656 1896 ut
682 1861 825 1907 regalis
850 1862 1047 1897 exercitus
1086 1871 1157 1906 per
1189 1863 1275 1898 vias
1315 1864 1395 1897 tam
1422 1862 1601 1899 difficiles
1641 1866 1680 1899 et
1706 1867 1895 1910 angustas
1922 1865 2090 1900 transire

235 1920 297 1956 vel
323 1920 440 1956 vellet
465 1921 527 1956 vel
554 1923 702 1965 posset.
728 1920 934 1956 Carentani
961 1922 1078 1967 regiis
1106 1922 1299 1957 mandatis
1326 1921 1532 1966 obediunt,
1572 1925 1611 1958 et
1636 1923 1859 1969 Helmigero
1885 1925 2087 1966 suadente,

235 1980 274 2015 in
301 1979 398 2015 duas
424 1982 571 2016 turmas
599 1981 832 2016 dividuntur.
877 1980 962 2018 Una
996 1983 1088 2016 ante
1123 1981 1402 2023 lucis'ortum‚
1438 1982 1594 2018 omissis
1621 1983 1752 2027 equis,
1778 1983 1945 2019 latenter
1971 1985 2089 2020 clusis

235 2040 525 2084 superpositum
552 2042 724 2075 montem
750 2042 930 2085 occupat,
969 2040 1091 2076 altera
1124 2040 1348 2076 lucescente
1388 2041 1465 2076 iam
1504 2042 1578 2082 die,
1619 2043 1734 2088 signo
1772 2043 1822 2078 ab
1862 2043 1919 2078 his
1959 2044 2023 2088 qui
2050 2044 2087 2078 in

235 2101 368 2134 monte
405 2102 518 2134 erant
554 2100 705 2140 audito,
744 2100 795 2134 ad
821 2100 950 2135 clusas
978 2100 1261 2146 expugnandas
1289 2101 1460 2136 festinat.
1506 2100 1699 2137 Custodes
1727 2102 1818 2137 nihil
1846 2103 1894 2138 de
1921 2103 1996 2144 his,
2024 2103 2088 2147 qui

236 2160 407 2193 montem
434 2161 736 2204 occupaverant,
763 2159 951 2200 scientes,
985 2159 1037 2194 ad
1074 2159 1335 2195 resistendum
1372 2161 1502 2196 clusas
1530 2161 1847 2206 impugnantibus
1883 2162 2090 2197 accedunt.

234 2217 408 2262 Repente
434 2218 472 2253 in
499 2220 631 2254 monte
657 2219 823 2254 latentes
850 2219 1032 2254 exsiliunt
1063 2219 1272 2264 clusasque
1299 2219 1600 2256 defendentibus
1634 2230 1656 2255 a
1686 2221 1805 2256 dorso
1844 2221 1985 2256 infeste
2019 2231 2087 2257 su-

235 2277 477 2322 perveniunt.
504 2276 696 2313 Custodes
722 2287 765 2313 se
792 2278 980 2322 deceptos
1008 2288 1098 2314 esse
1124 2278 1397 2323 percipientes,
1424 2279 1487 2314 alii
1515 2289 1559 2315 se
1586 2279 1624 2315 in
1651 2279 1783 2325 fugam
1807 2280 2004 2320 miserunt,
2025 2280 2088 2315 alii

235 2337 274 2371 in
300 2337 582 2381 praecipitium,
608 2337 672 2372 alii
700 2337 737 2372 in
763 2337 945 2373 Brentam
971 2347 1115 2382 aquam
1134 2339 1442 2374 subcurrentem.
1467 2338 1550 2374 Hac
1569 2339 1862 2384 expugnatione
1882 2338 2089 2375 Carentani

236 2395 366 2430 clusas
392 2398 583 2436 tenentes,
610 2405 742 2441 regem
769 2399 990 2441 expectant.
1028 2397 1134 2432 Haec
1155 2407 1223 2432 rex
1250 2407 1320 2442 per
1344 2398 1588 2442 capellanum
1618 2408 1750 2439 suum,
1777 2408 1892 2443 quem
1918 2399 2088 2443 praemi—-

235 2457 353 2495 serat,
372 2455 558 2496 resciens,
577 2455 778 2491 festinavit
797 2456 848 2491 ad
864 2456 1013 2497 clusas;
1033 2458 1071 2491 et
1092 2456 1367 2501 impedimenta
1388 2457 1612 2501 relinquens
1634 2467 1680 2492 ac
1693 2467 1827 2493 secum
1847 2458 1898 2492 ad
1916 2467 2087 2503 pugnam

235 2514 442 2558 expeditos
468 2523 638 2555 sumens,
664 2524 752 2550 cum
779 2515 947 2550 maxima
974 2515 1202 2551 difficultate
1228 2516 1442 2551 transivit.⁴¹

380 2583 484 2624 Ibid.,
511 2594 544 2620 c.
562 2586 609 2620 35
634 2584 671 2628 (l.
698 2595 731 2620 c.
757 2594 794 2630 p.
820 2585 921 2629 692):
948 2586 1119 2628 „Deinde
1138 2586 1175 2621 in
1197 2586 1395 2631 planitiem
1417 2587 1590 2630 veniens,
1609 2596 1728 2631 super
1745 2597 1887 2632 aquam
1904 2587 2087 2623 Brentam

236 2644 404 2678 tentoria
430 2644 551 2689 figere
578 2644 708 2685 iussit,
745 2646 786 2679 ut
819 2645 871 2680 ibi
910 2645 993 2680 dies
1019 2645 1217 2681 solemnes
1244 2646 1402 2681 maioris
1428 2646 1701 2682 hebdomadae
1730 2647 1846 2692 digna
1875 2646 2087 2682 devotione

235 2705 524 2739 veneraretur.“

291 2824 310 2834 ..
379 2773 483 2814 Ibid.,
510 2784 542 2809 c.
562 2775 609 2810 37
635 2773 672 2818 (l.
692 2783 725 2810 c,
745 2784 780 2820 p.
796 2775 896 2819 693):
924 2775 1186 2816 „Animositas
1214 2777 1316 2811 enim
1342 2775 1690 2821 Langobardorum
1718 2778 1875 2812 nimium
1898 2777 2086 2819 fervebat,

236 2834 276 2868 et
302 2841 349 2867 ex
375 2835 518 2869 eventu
544 2834 685 2869 bellico
711 2836 847 2870 contra
875 2832 1059 2870 Ottonem
1085 2835 1223 2870 ducem
1250 2835 1376 2870 adhuc
1403 2836 1676 2871 contumaciae
1702 2837 1805 2871 vires
1832 2836 2038 2871 habebat.‘¹

1053 2962 1141 3030 St.
1168 2978 1255 3030 17.

379 3081 540 3133 1004,
574 3083 678 3128 dne
710 3083 792 3128 10.
815 3083 1001 3139 aprila.
1034 3084 1273 3129 Trident.

381 3165 497 3220 Kralj
544 3166 709 3209 Henrik
741 3167 788 3210 11.
811 3168 959 3222 podeli
1002 3169 1130 3211 vsled
1173 3170 1351 3222 prosnje
1392 3169 1676 3224 sabenskega
1721 3169 1852 3212 skofa
1895 3169 2086 3211 Hlbuina

237 3236 387 3279 cerkvi
420 3236 746 3293 sv.1ngenuina
779 3239 822 3280 in
855 3238 1079 3293 Kasijana‚
1113 3240 1317 3293 njenemu
1351 3240 1484 3282 skofu
1518 3241 1559 3282 in
1593 3241 1816 3295 njegovim
1858 3240 2085 3282 nasledni-

238 3307 341 3349 kom
374 3308 501 3361 svoje
534 3312 750 3361 posestvo
782 3321 809 3350 z
835 3310 977 3352 vsemi
998 3310 1287 3363 priteklinami
1320 3321 1375 3351 na
1409 3309 1588 3352 Bledu
1621 3323 1650 3353 v
1683 3309 1886 3364 Kraanki
1920 3311 2085 3363 pokra-

236 3377 309 3431 jini
342 3378 383 3419 in
415 3390 445 3420 v
477 3377 623 3433 grofiji
660 3378 963 3422 Waltilonovi.
1000 3379 1063 3432 [‚,.
1083 3415 1092 3423 .
1115 3414 1123 3423 .
1144 3380 1366 3435 quoddam
1404 3381 1544 3423 nostri
1574 3381 1679 3424 iun's
1706 3380 1937 3435 praedium
1971 3379 2090 3434 quod
