2332 3704
1009 225 1065 267 St.
1084 232 1166 272 545,
1191 233 1273 268 544.
1990 236 2059 272 205

1000 383 1093 452 St.
1120 400 1272 453 545.

347 501 495 554 1079,
527 504 652 548 med
682 503 1010 560 februarjem
1040 505 1095 550 in
1127 505 1436 552 binkostmi.

349 586 501 641 DapeZ
535 586 706 644 Gregor
738 587 828 630 Vll.
850 590 993 643 poslje
1027 590 1302 646 albanskega
1343 591 1475 633 Skofa
1515 591 1660 643 Petra,
1703 594 2058 649 padovanskega

206 657 339 701 skofa
392 657 604 701 Udalrika
649 660 691 702 in
740 660 1111 716 oglejskega
1156 662 1474 715 patriarha
1517 662 1779 706 Henrika
1825 668 1904 707 cez
1942 664 2057 718 Fllpe

206 742 234 772 ν
267 728 420 772 Rezno
454 730 480 771 h
514 730 652 784 kralju
686 730 882 773 Henriku
915 731 986 774 IV.
1007 744 1029 774 s
1062 734 1289 786 pozivom,
1331 733 1388 775 da
1430 734 1473 775 bi
1516 746 1566 776 se
1605 737 1648 776 ta
1689 736 1860 789 pomiril
1894 749 1916 778 s
1949 749 2058 779 svo-

203 801 292 854 jimi
324 802 610 854 nasprotniki.
644 801 712 844 Κο
746 815 798 845 so
832 803 905 844 bili
938 805 1083 846 receni
1106 804 1307 857 poslanci
1339 816 1395 846 na
1429 806 1520 858 poti
1554 817 1610 847 na
1643 806 1865 849 doloceno
1900 810 2057 857 mesto,

204 873 244 926 je
279 872 377 926 baje
411 872 599 927 oglejSki
632 873 823 926 patriarh
857 874 1021 928 skrivaj
1055 875 1198 928 poslal
1233 876 1495 931 posebnega
1528 877 1717 920 cloveka
1750 878 1778 919 h
1813 879 1967 932 kralju,
2002 880 2059 920 da

209 943 251 984 bi
284 943 445 985 zvedel
478 955 534 985 za
567 944 762 999 niegovo
795 946 982 1000 mnenje,
1016 947 1086 1000 naj
1120 947 1146 988 li
1180 949 1355 1001 papeia
1389 948 1540 1003 uboga
1573 948 1628 990 ali
1661 961 1728 991 ne.
1770 948 1887 992 Nato
1920 950 1961 1003 je
1994 951 2059 992 sel

204 1026 260 1056 za
293 1015 421 1068 nekaj
455 1018 563 1058 casa
595 1028 623 1058 ν
657 1014 799 1071 Oglej,
840 1018 969 1070 svoja
1006 1018 1206 1060 tovarisa
1243 1019 1284 1072 je
1324 1030 1381 1072 pa
1420 1020 1551 1073 pustil
1585 1033 1613 1062 ν
1648 1019 1833 1063 Dadovi.
1886 1020 1924 1063 O
1960 1021 2056 1063 bin-

203 1086 350 1128 kostih
383 1098 436 1128 so
469 1087 690 1140 papeievi
723 1087 922 1141 poslanci
956 1087 1129 1142 dospeli
1163 1102 1192 1132 ν
1224 1088 1392 1140 Rezno,
1427 1090 1519 1143 kjer
1552 1102 1609 1144 pa
1642 1091 1730 1144 njih
1764 1092 1919 1134 koraki
1957 1093 2058 1135 niso

205 1158 320 1199 imeli
353 1157 590 1212 nobenega
624 1158 808 1212 uspeha.

344 1249 617 1287 Bonithonis
636 1250 694 1286 ad
713 1250 918 1296 amicum,
945 1251 1026 1288 VIII
1046 1252 1212 1297 (Jaffe',
1238 1253 1336 1289 Bibl.
1356 1263 1428 1289 rer.
1443 1253 1582 1295 Germ„
1602 1254 1643 1295 ll.
1662 1254 1764 1299 675):
1794 1255 2058 1297 „Venerabilis

203 1309 379 1354 pontifex
414 1310 622 1356 religiosos
657 1312 869 1356 episcopos
896 1312 996 1347 ultra
1024 1315 1177 1349 montes
1205 1314 1359 1349 mittere
1386 1314 1618 1355 destinavit.
1660 1315 1724 1359 qui
1751 1316 1911 1360 regibus
1938 1316 2059 1351 inter-

205 1369 380 1404 dicerent
413 1371 454 1404 ut
488 1379 566 1405 non
602 1372 833 1415 pugnarent,
867 1373 907 1406 et
933 1372 1145 1416 episcopos
1171 1372 1223 1407 ad
1249 1372 1457 1408 concilium
1484 1375 1692 1409 vocarent:
1727 1373 1883 1410 Petrum
1909 1375 2059 1410 scilicet

203 1429 432 1473 episcopum
457 1428 734 1470 Albanensem,
761 1430 885 1466 virum
911 1431 1276 1476 religiosissimum.
1298 1459 1306 1467 .
1327 1459 1336 1467 .
1363 1434 1402 1467 et
1429 1432 1679 1469 Uodalricum
1706 1433 1940 1469 paduanum
1973 1434 2058 1479 epi-

202 1497 378 1533 scopum,
397 1489 522 1524 virum
536 1489 651 1525 valde
671 1490 1034 1534 eloquentissimum
1054 1493 1093 1526 et
1110 1490 1292 1527 Heinrico
1314 1492 1396 1537 regi
1416 1492 1513 1527 satis
1528 1491 1807 1533 fidelissimum,
1827 1495 1866 1528 et
1880 1492 2057 1538 Hquilei-

202 1556 336 1582 ensem
374 1548 642 1592 patriarcham.
681 1547 772 1593 Qui,
809 1548 929 1594 Rlpes
965 1551 1235 1591 transeuntes,
1275 1560 1408 1596 regem
1442 1551 1480 1586 in
1513 1550 1695 1587 Baioaria
1732 1552 1953 1593 inveniunt;
1994 1554 2057 1588 set

205 1615 332 1650 neque
365 1607 689 1651 suplicationibus
726 1618 853 1653 neque
888 1609 1070 1653 precibus
1106 1619 1234 1654 neque
1268 1610 1399 1654 aliqua
1435 1610 1574 1654 quavis
1601 1610 1816 1645 calliditate
1844 1612 2058 1655 potuerunt

203 1665 376 1706 efficere.
414 1667 456 1701 ut
489 1667 684 1712 sgnodum
719 1670 919 1712 pateretur
953 1678 1021 1703 rex
1056 1668 1260 1704 Heinricus
1294 1669 1333 1704 in
1367 1679 1441 1705 suo
1476 1679 1600 1715 regno
1626 1679 1696 1706 eos
1724 1670 1942 1711 celebrare,
1982 1671 2057 1706 nisi

203 1724 437 1761 Ruodolfum
463 1726 614 1771 absque
639 1728 853 1763 vocatione
878 1728 1024 1763 vellent
1052 1729 1404 1765 excommunicare.
1444 1727 1559 1773 Quod
1585 1729 1675 1764 dum
1704 1729 1755 1764 illi
1782 1729 1914 1765 facere
1941 1730 2057 1766 nolu-

202 1785 326 1819 issent
350 1785 674 1821 interdicentibus
701 1787 931 1828 canonibus.
958 1787 1108 1823 infecto
1134 1788 1304 1833 negocio
1330 1787 1493 1824 Romam
1520 1788 1705 1824 rediere.“

342 1854 579 1893 Bettholdi
612 1856 730 1893 Eun.
751 1858 802 1893 ad
827 1868 863 1894 a.
883 1858 975 1894 1079
1016 1857 1121 1902 (ΜΕ.
1140 1858 1221 1899 SS..
1249 1858 1293 1900 V,
1321 1858 1423 1903 318J:
1461 1888 1476 1901 ,,
1500 1887 1508 1894 .
1528 1887 1535 1894 .
1557 1887 1566 1895 ,
1593 1860 1801 1904 missisque
1837 1860 1980 1906 legatis
2005 1861 2058 1896 ad

202 1923 334 1960 regem
359 1915 580 1951 Heinricum
606 1917 833 1960 patriai-dia,
860 1916 1075 1954 Albanensi
1102 1918 1293 1963 episcopo
1318 1918 1437 1954 Petro
1458 1918 1543 1954 viro
1563 1919 1761 1964 religioso,
1789 1922 1827 1955 et
1846 1918 2057 1956 Oudalrico

201 1972 390 2010 Paduano
417 1975 620 2020 episcopo,
647 1986 734 2012 cum
761 1977 846 2012 aliis
873 1977 954 2012 suis
982 1977 1162 2014 fidelibus
1181 2005 1190 2013 .
1209 2006 1217 2013 .
1238 1980 1267 2013 ,¹⁴

343 2045 439 2082 lbid.
456 2046 493 2089 (l.
513 2056 546 2082 c.
566 2055 603 2091 p.
622 2046 722 2090 319):
762 2047 1005 2088 „Patriardia
1031 2051 1174 2089 autem,
1202 2049 1267 2094 qui
1294 2058 1392 2085 unus
1419 2058 1468 2084 ex
1495 2050 1638 2085 intimis
1665 2050 1771 2095 regis
1798 2050 1965 2086 Heinrici
1993 2051 2056 2087 fu-

203 2106 303 2145 erat,
341 2114 420 2140 non
454 2106 603 2150 optima
638 2106 718 2142 fide
751 2109 792 2142 et
823 2107 955 2142 studio
989 2107 1202 2152 inpositam
1234 2108 1308 2144 sibi
1334 2108 1574 2154 legationem
1601 2109 1839 2150 observans,
1880 2111 2055 2146 nuntium

202 2164 447 2205 secretalem,
474 2165 538 2209 qui
556 2165 800 2201 voluntatem
819 2166 918 2202 illius
937 2168 976 2202 et
995 2167 1290 2203 oboedientiam
1310 2169 1544 2213 exploraret,
1571 2169 1654 2214 regi
1674 2168 1908 2205 festinanter
1925 2169 2056 2206 Ratis-

203 2231 348 2267 ponam
374 2232 446 2268 pro
472 2233 516 2260 se
543 2224 694 2261 direxit.
719 2224 806 2270 Ipse
831 2228 963 2261 autem
990 2227 1209 2272 collegatos
1235 2237 1331 2264 suos
1357 2228 1432 2263 hac
1452 2228 1540 2263 vice
1560 2228 1810 2269 retardando,
1837 2228 2056 2273 Aquileiam

202 2291 314 2318 suam
348 2283 565 2325 revertitur,
600 2284 674 2328 ipsi
709 2287 840 2320 autem
866 2285 1109 2331 padaugiam
1136 2286 1389 2323 diverterunt.
1426 2287 1507 2323 Rex
1534 2289 1667 2322 autem
1693 2287 1917 2323 huiusmodi
1943 2288 2055 2334 lega-

201 2341 348 2377 tionem
374 2351 397 2377 a
424 2351 528 2387 papa
563 2343 638 2378 sibi
673 2343 862 2379 directam
897 2346 1162 2390 comperiens.
1201 2346 1315 2382 solita
1353 2346 1602 2382 contumacia
1637 2356 1725 2382 eam
1759 2356 1838 2382 non
1875 2347 2055 2387 maxime,

202 2403 338 2445 utpote
364 2410 442 2437 non
469 2402 760 2444 observaturus.
787 2402 1010 2448 diligebat.“

345 2472 438 2508 lbid.
456 2472 493 2516 (l.
515 2483 548 2508 c.
569 2482 606 2517 p.
625 2473 727 2517 520):
757 2474 1006 2516 ..Praedictus
1033 2477 1165 2511 autem
1193 2476 1409 2520 patriarcha
1437 2477 1662 2521 caeterique
1682 2477 1788 2512 sedis
1808 2478 2055 2522 apostolicae

203 2531 332 2576 legati.
360 2559 368 2566 .
388 2558 396 2566 .
416 2559 424 2567 .
445 2532 548 2567 circa
575 2535 836 2576 pentecosten
861 2535 913 2570 ad
945 2544 1032 2570 eum
1052 2535 1121 2579 (sc.
1141 2534 1287 2580 regem)
1306 2535 1563 2580 Ratisponam
1584 2538 1857 2581 pervenerunt.
1884 2536 1957 2573 Ubi
1976 2545 2055 2572 non

203 2591 300 2626 satis
336 2590 546 2636 magnifice
580 2593 794 2637 acceptati,
830 2594 1031 2639 negotium
1067 2603 1138 2639 pro
1166 2604 1244 2639 quo
1271 2594 1378 2630 missi
1405 2597 1496 2630 sunt
1521 2604 1593 2639 pro
1621 2595 1769 2630 viribus
1797 2596 1937 2640 exequi
1964 2605 2054 2640 per-

202 2649 479 2694 temptabant.“

343 2720 460 2759 Ihm.
482 2722 740 2769 Augustani
764 2724 815 2759 ad
840 2733 876 2760 a.
897 2724 990 2761 1079
1016 2724 1122 2769 (ΜΟ.
1141 2724 1223 2766 88,
1250 2724 1306 2766 111,
1334 2725 1436 2769 129):
1474 2726 1631 2772 „Legati
1659 2735 1787 2772 papae
1815 2736 1902 2762 cum
1929 2726 2054 2770 patri-

203 2779 316 2815 ardia
344 2779 526 2817 Heinrico
553 2781 807 2828 Ratisponam
835 2783 883 2818 de
909 2792 1009 2828 pace
1035 2785 1239 2820 tractaturi
1265 2785 1438 2826 veniunt,
1465 2786 1536 2821 sed
1563 2795 1700 2830 parum
1726 2786 1968 2830 proficiunt.“

987 2935 1079 3004 St.
1106 2951 1259 3004 544.

344 3053 498 3106 1079,
533 3054 638 3100 dne
669 3055 746 3101 16.
765 3056 947 3112 junija.
982 3058 1089 3102 Rim.

346 3138 499 3192 Dapei
545 3137 716 3194 Gregor
760 3140 850 3184 VII.
873 3142 970 3195 pise
1003 3124 1389 3197 'oglejSkemu
1435 3142 1750 3196 patriarhu
1797 3141 2053 3184 Henriku

203 3205 459 3262 [,‚He1‘nric0
479 3209 711 3254 karissimo
734 3212 777 3254 in
800 3210 974 3255 Christo
997 3213 1138 3267 fratri
1168 3215 1210 3255 et
1241 3213 1500 3267 coepiscopo
1525 3211 1890 3268 Aquilegiensi‘Y,
1917 3214 2053 3256 kateri

205 3291 262 3334 ga
293 3280 334 3334 je
366 3292 426 3334 po
459 3281 632 3334 svojem
665 3282 878 3335 poslancu
914 3284 1063 3336 prosil,
1097 3284 1155 3326 da
1189 3284 1231 3326 bi
1265 3284 1374 3326 smel
1408 3284 1533 3326 rabiti
1579 3284 1720 3337 palij
1766 3296 1820 3326 ne
1866 3296 1992 3326 samo
2026 3296 2052 3326 o

204 3351 320 3392 tistih
364 3352 607 3405 praznikih,
654 3352 696 3394 ki
741 3365 794 3395 so
837 3355 996 3396 nasteti
1039 3367 1068 3397 ν
1101 3355 1230 3397 listini
1274 3355 1464 3410 nJegove
1514 3352 1828 3409 (patriarhove)
1876 3355 2052 3404 cerkve,
