2332 3704
270 253 338 288 164
1061 243 1117 285 St.
1137 250 1218 291 268.
1245 250 1327 286 269.

409 393 513 430 Vita
541 391 795 430 Gebehardi
821 391 1018 438 archiep.
1047 391 1231 436 salisb...
1260 402 1293 428 c.
1318 393 1340 427 2
1366 392 1471 436 (ΜΟ.
1491 391 1572 433 SS.,
1605 392 1663 433 Xl.
1695 392 1773 436 26):
1810 392 1932 434 „Rnte
1965 402 2122 438 quoque

267 464 372 490 anno
391 453 671 489 incarnationis
691 452 845 488 Domini
867 452 959 488 1072
979 452 1183 488 constituit
1204 452 1273 496 (sc.
1293 451 1561 496 Gebehardus)
1581 452 1716 488 sedem
1737 452 2004 497 episcopalem
2022 454 2122 489 intra
2188 478 2191 480 >

268 513 507 549 Karinthiam
534 514 571 548 in
598 513 688 547 loco
715 510 842 548 Gurca
869 511 986 552 dicto,
1013 512 1074 547 cui
1101 511 1266 556 prefecit
1292 513 1331 547 et
1349 511 1601 547 consecravit
1621 511 1851 556 episcopum
1870 510 2123 548 Guntherium

268 573 302 608 2.
321 573 419 608 Non.
437 572 533 613 Mai,
561 572 808 616 presentibus
828 573 867 606 et
884 571 1287 606 conbenedicentibus
1308 571 1506 615 episcopis
1525 570 1697 606 Hltwino
1717 570 1968 611 Brihsinensi‚
1994 571 2123 607 Ellen-

267 632 389 668 hardo
416 631 666 676 Frisinqensi,
694 629 895 666 Candiano
924 630 971 665 de
998 630 1128 666 Ystria
1144 632 1171 671 ¹,
1194 631 1364 666 caeteris
1391 630 1788 674 comprovincialibus
1814 630 2025 675 episcopis.
2051 629 2124 667 Ot-

268 695 362 727 tone
388 691 538 727 scilicet
565 690 855 734 Ratisponensi,
879 689 1092 726 Hltmanno
1118 689 1344 725 Pataviensi
1372 698 1441 734 per
1467 689 1657 734 epistolas
1684 698 1796 724 suum
1817 690 1855 724 in
1875 689 1976 725 hanc
1996 690 2123 735 ipsam

270 750 559 786 ordinationem
595 749 849 795 prebentibus
876 758 1095 786 assensum.
1137 749 1295 785 Prolata
1324 750 1385 784 est
1412 749 1463 784 ibi
1490 751 1583 784 tunc
1609 751 1648 784 et
1675 748 1843 793 epistola
1871 748 2004 784 domni
2031 749 2125 785 Hle-

268 810 407 845 xandri
443 819 571 855 papae
604 811 643 844 et
679 809 729 844 ad
764 808 1104 844 confirmationem
1144 809 1255 844 huius
1290 808 1583 844 constitutionis
1610 808 1648 843 in
1674 808 1834 844 auribus
1861 809 1995 853 populi
2022 809 2124 844 lecta

269 872 308 905 et
334 870 601 914 interpretata.
636 868 715 904 Sed
750 870 788 903 et
822 868 976 903 litterae
1013 869 1116 914 regis
1150 868 1318 903 Heinrici
1352 877 1464 903 suum
1491 868 1529 903 in
1557 867 1657 903 lianc
1684 876 1922 903 consensum
1949 876 2125 912 pronun-

268 930 413 965 tiantes
445 929 619 964 similiter
645 930 735 964 sunt
763 928 964 964 recitatae.
1004 927 1113 972 Quae
1141 930 1330 972 utraeque
1356 927 1576 963 destinatae
1603 929 1693 962 sunt
1718 927 1867 963 servari
1894 927 1932 962 in
1958 927 2126 963 ecclesia

269 989 485 1024 luvavensi.
523 988 620 1024 Iuvit
653 988 704 1023 ad
743 988 844 1023 hanc
880 997 1024 1023 novam
1058 988 1380 1023 constitutionem
1415 988 1454 1022 et
1488 986 1646 1031 quidam
1680 988 1856 1022 veterum
1892 987 2124 1022 noticiarum

270 1049 408 1085 codeX.
435 1048 624 1093 Repertus
652 1048 754 1083 enim
781 1049 866 1082 erat
891 1047 981 1083 talis
1008 1048 1046 1083 in
1073 1056 1230 1082 camera
1256 1047 1442 1082 librorum
1469 1045 1694 1091 Salzpurhc.
1722 1047 1762 1080 et
1787 1045 1825 1081 in
1853 1055 1901 1082 eo
1929 1047 2125 1091 repertum

271 1108 334 1152 qui
362 1107 539 1152 episcopi
566 1107 638 1142 sub
660 1107 800 1151 quibus
827 1106 1144 1152 ardiuepiscopis
1171 1105 1472 1151 salzpurgensis
1499 1106 1692 1142 ecclesiae
1720 1106 1833 1142 vices
1860 1108 1900 1142 et
1926 1107 2017 1141 ante
2035 1114 2129 1151 ges-
2199 1114 2202 1115 ⁷

270 1167 415 1203 sissent
442 1167 479 1202 in
500 1167 773 1211 prenominata
795 1167 968 1212 regione.
995 1166 1188 1210 Repertae
1209 1167 1300 1201 sunt
1320 1165 1358 1201 in
1378 1165 1520 1200 eodem
1538 1165 1637 1200 libro
1659 1166 1821 1201 crebrae
1842 1165 2125 1202 discordiarum

271 1236 416 1262 causae
443 1226 543 1261 inter
567 1226 677 1270 ipsos
705 1226 1035 1272 archyepiscopos
1062 1227 1102 1260 et
1127 1223 1416 1269 subepiscopos
1444 1225 1542 1265 illos,
1570 1226 1731 1270 propter
1757 1234 1854 1270 quas
1876 1225 2067 1260 conicitur
2087 1226 2126 1261 et

271 1286 475 1321 estimatur
499 1285 626 1320 vicem
653 1285 755 1320 illam
782 1287 875 1321 tunc
902 1285 1125 1321 cessavisse
1152 1287 1191 1320 et
1218 1285 1473 1320 morientibus
1499 1284 1585 1320 aliis
1612 1285 1714 1320 alios
1733 1294 1812 1320 non
1830 1284 1952 1320 fuisse
1978 1284 2127 1320 substi-

270 1347 390 1381 tutos.
416 1345 463 1380 Et
490 1345 581 1389 quia
608 1345 769 1380 huiusce
795 1344 1021 1380 stabilitatis
1048 1344 1245 1380 anchoras
1274 1353 1352 1380 non
1379 1344 1590 1386 habebant,
1616 1344 1752 1379 sedem
1769 1344 1951 1380 videlicet
1968 1344 2126 1389 episco-

271 1405 398 1449 palem
425 1406 463 1439 et
490 1404 634 1439 clerum
661 1414 709 1439 ac
735 1404 890 1449 plebem
915 1404 954 1439 in
981 1404 1178 1448 separatis
1204 1403 1278 1440 sibi
1305 1403 1531 1448 parrochiae
1548 1404 1723 1439 terminis
1744 1413 1832 1439 cum
1853 1403 2031 1448 qualibus
2058 1413 2127 1438 su-

272 1464 450 1509 pradicta
477 1464 713 1499 restauratio
741 1465 932 1499 renovata
960 1466 1020 1499 est
1047 1466 1086 1499 et
1111 1463 1320 1499 stabilita.“

412 1534 593 1571 Ructat.
615 1533 761 1571 Garst.
781 1535 845 1571 ad.
865 1545 900 1571 a.
923 1535 1014 1570 1072
1041 1534 1145 1578 (MG.
1164 1534 1245 1575 SS.,
1272 1534 1329 1575 IX,
1356 1534 1457 1578 568):
1494 1534 1766 1580 „Episcopium
1793 1533 1992 1570 Gurcense
2011 1543 2034 1569 a
2055 1543 2127 1569 ve—

274 1594 434 1630 nerabili
455 1593 689 1630 Gebehardo
709 1594 1006 1640 archiepiscopo
1027 1594 1288 1635 constituitur,
1308 1596 1347 1630 et
1361 1592 1581 1630 Guntherus
1595 1593 1647 1628 ibi
1663 1594 1875 1639 episcopus
1890 1594 2125 1629 ordinatur.“

414 1665 530 1702 nnn.
549 1664 833 1703 admuntaci
859 1676 895 1702 a.
917 1666 1008 1702 1072
1035 1665 1139 1710 (ΜΕ.
1160 1665 1241 1707 SS.,
1268 1666 1326 1706 ΙΧ,
1352 1665 1453 1709 576);
1483 1665 1757 1710 „Episcopium
1783 1664 1981 1701 Gurcense
2007 1674 2030 1700 a
2055 1675 2127 1700 ve-

273 1726 434 1761 nerabili
461 1726 758 1770 archiepiscopo
786 1725 1019 1761 Gebehardo
1047 1726 1307 1767 constituitur,
1335 1727 1374 1760 et
1402 1724 1623 1761 Guntherus
1650 1725 1862 1769 episcopus
1889 1724 2032 1760 ibidem
2051 1724 2125 1760 eli-

275 1786 410 1830 gitur.“

415 1855 459 1892 S.
480 1855 699 1893 Rudberti
724 1855 972 1903 salisburg.
992 1856 1110 1893 Anu.
1130 1855 1299 1892 breves
1325 1856 1376 1891 ad
1402 1865 1438 1891 a.
1459 1855 1550 1892 1072
1577 1854 1681 1899 (MG.
1701 1854 1781 1896 SS.,
1808 1855 1866 1896 IX,
1895 1854 1996 1898 758):
2026 1854 2126 1896 „Ge-

274 1917 469 1952 behardus
488 1916 805 1962 archiepiscopus
824 1916 859 1952 2.
876 1916 976 1952 Non.
994 1916 1089 1952 Mai.
1108 1916 1319 1952 ecclesiam
1338 1915 1579 1951 Kurcensem
1594 1915 1802 1955 dedicavit,
1822 1917 1861 1950 et
1880 1915 1917 1950 in
1933 1924 1980 1950 ea
1995 1914 2129 1950 sedem

276 1976 543 2020 episcopalem
570 1977 786 2016 constituit.
812 1978 853 2011 et
878 1976 930 2011 ad
956 1976 1058 2011 hanc
1086 1975 1338 2012 Guntherium
1366 1975 1596 2020 episcopum
1624 1974 1851 2010 ordinavit.“

414 2046 532 2082 Anu.
563 2055 600 2083 s.
627 2045 846 2083 Rudberti
879 2045 1126 2093 Salisburq.
1153 2047 1205 2082 ad
1230 2056 1265 2082 a.
1289 2046 1380 2082 1072
1406 2045 1510 2090 (ΜΟ.
1532 2045 1612 2087 SS.,
1643 2046 1700 2087 ΙΧ,
1741 2045 1840 2089 773):
1879 2044 2129 2087 „Gebhardus

274 2107 590 2152 archiepiscopus
618 2105 856 2142 Gurcensem
884 2106 978 2141 fecit
1005 2107 1292 2151 episcopatum,
1317 2107 1350 2140 2.
1370 2106 1505 2142 Nonas
1532 2105 1650 2141 Mai.“

417 2177 519 2214 Vita
554 2176 780 2214 chunradi
811 2177 1024 2223 archiep..
1061 2187 1093 2213 c.
1112 2178 1135 2212 4
1162 2177 1267 2221 (ΜΟ.
1290 2176 1371 2218 SS.,
1406 2177 1464 2217 Xl,
1500 2177 1575 2220 θέης
1614 2176 1836 2221 „Siquidem
1864 2177 1901 2212 in
1930 2175 2130 2211 Karinthia

276 2238 315 2273 in
342 2238 511 2274 ecclesia
539 2236 739 2278 Gurcensi,
767 2237 831 2272 ubi
860 2237 995 2272 mulier
1020 2236 1265 2272 nobilissima
1292 2239 1331 2271 et
1358 2236 1550 2272 ditissima
1568 2235 1729 2271 Hemma
1750 2235 1906 2270 nomine
1927 2236 2128 2270 abbatiam

276 2298 501 2333 monialium
528 2299 815 2337 construxerat.
849 2296 1000 2341 quibus,
1037 2299 1078 2331 ut
1104 2296 1254 2336 dicitur,
1291 2298 1382 2340 post
1407 2295 1536 2340 aliqua
1563 2297 1743 2340 tempora
1770 2295 1932 2339 propter
1956 2294 2063 2329 vitae
2090 2297 2129 2329 et

276 2357 423 2393 ordinis
457 2357 645 2403 regularis
681 2356 927 2392 sterilitatem
963 2358 1002 2391 et
1038 2356 1378 2392 exordinationem
1417 2355 1556 2390 deletis
1595 2354 1800 2390 canonici2
1834 2356 2123 2394 successerunt.

274 2417 409 2452 sedem
443 2416 708 2461 episcopalem
744 2415 812 2459 (sc.
832 2414 1078 2459 Gebhardus)
1112 2415 1328 2455 constituit,
1365 2414 1548 2449 videlicet
1583 2416 1623 2448 ut
1651 2414 1737 2458 ipso
1765 2413 1931 2448 diversis
1960 2413 2129 2457 negotiis

275 2479 482 2520 occupato,
510 2475 719 2512 Gurcensis
748 2476 961 2520 episcopus
988 2475 1096 2510 vices
1124 2484 1217 2510 suas
1245 2474 1455 2519 impleret.“

1065 2626 1158 2693 St.
1185 2640 1338 2698 269.

1034 2757 1375 2813 Neptistno.3

420 2866 572 2917 1072,
606 2866 712 2910 dne
747 2864 797 2910 6.
820 2864 972 2920 maia.
1007 2865 1272 2920 Solnoqrad.

422 2950 715 3005 Solnoqraski
748 2949 944 2991 nadskof
977 2948 1186 2991 Gebhard
1219 2949 1451 3001 naznanja,
1486 2947 1543 2989 da
1565 2947 1605 3000 je
1628 2946 1818 3000 posvetil
1850 2947 2130 3002 izvoljeneqa

282 3009 474 3076 krskegja
507 3021 640 3064 skofa
664 3020 918 3074 Guntherja.
951 3019 1019 3062 Ko
1039 3020 1080 3073 Je
1103 3023 1147 3061 ta
1180 3031 1202 3060 s
1224 3018 1531 3073 Kandijanom,
1561 3017 1740 3060 skofom
1763 3017 1956 3059 istrskim
1987 3014 2130 3071 [‚‚cum

281 3093 455 3136 domino
494 3086 729 3135 Candiano
763 3091 1003 3134 venerabili
1033 3092 1239 3145 episcopo
1282 3089 1336 3132 de
1380 3085 1608 3142 Histria“],
1653 3088 1786 3142 prisel
1819 3088 1847 3130 k
1879 3088 2038 3142 njemu,
2079 3100 2129 3130 se

422 3209 431 3225 ¹
452 3207 499 3235 Ta
519 3206 680 3242 Kandijan
700 3206 731 3242 ie
751 3205 795 3234 bil
816 3205 892 3234 Skof
911 3205 1070 3241 picenski.
1093 3204 1141 3234 Gl.
1160 3205 1200 3233 st.
1223 3207 1285 3233 216.

422 3256 433 3272 ²
453 3253 569 3282 Notica
590 3261 609 3282 o
631 3252 806 3282 kanonikih
834 3260 874 3282 ne
894 3252 1077 3288 odgovarja
1100 3251 1230 3280 resnici.
1257 3251 1334 3280 Vita
1354 3249 1519 3279 chunradi
1536 3249 1567 3286 je
1587 3250 1652 3278 bila
1672 3250 1807 3285 spisana
1834 3249 1907 3278 med
1932 3248 2030 3277 letom
2052 3251 2129 3276 1170.

281 3302 311 3330 in
332 3305 421 3335 1177..
440 3300 525 3336 tedaj
548 3302 601 3330 sto
621 3301 665 3329 let
685 3308 728 3337 po
749 3299 951 3329 ustanovitvi
971 3299 1077 3328 Krske
1097 3298 1224 3334 skoilje.
1244 3298 1277 3327 in
1297 3299 1374 3327 zato
1394 3298 1425 3333 je
1439 3297 1570 3333 napaka
1590 3296 1792 3332 razumljiva.

421 3349 434 3367 ⁸
453 3348 500 3376 Ta
519 3348 629 3377 listina
654 3348 685 3383 je
705 3348 833 3376 nastala
862 3347 936 3376 med
960 3347 1063 3376 letom
1088 3349 1167 3374 1195.
1195 3346 1227 3375 in
1248 3348 1325 3373 1203.
1356 3344 1490 3381 (Jaksch.
1518 3344 1622 3376 Mon..
1643 3343 1662 3378 l,
1682 3343 1740 3379 79.)
1771 3343 1914 3372 Vsebina
1933 3342 2079 3378 ievzeta
2100 3343 2131 3371 iz

281 3396 362 3425 neke
381 3395 489 3425 notice
509 3403 530 3423 v
550 3395 625 3424 Vita
646 3394 831 3424 Gebehardi
852 3394 1000 3429 archiep..
1021 3401 1049 3423 c.
1069 3394 1097 3422 2.
1117 3392 1180 3429 (Gl.
1203 3393 1243 3422 st.
1266 3394 1342 3427 268.)
