2332 3704
1107 267 1163 310 St.
1181 274 1263 310 417.
2036 276 2105 311 247

250 419 307 461 da
341 421 390 461 se
423 419 464 461 ni
498 418 632 472 prisla
665 418 858 473 njegova
893 430 981 460 ura,
1014 418 1167 472 Rabelj
1201 419 1241 471 je
1274 421 1377 461 nato
1411 419 1681 475 poboinega
1714 419 1937 463 nadskofa
1964 420 2102 474 prosil

251 489 528 544 odpuscanja
560 492 626 532 ter
658 500 715 544 ga
746 489 838 532 tudi
872 489 993 532 dobil
1017 524 1025 532 .
1048 523 1088 533 ..

390 551 601 603 Zalostna
635 560 778 603 usoda
801 560 1024 604 nadskofa
1048 560 1295 603 Thiemona
1314 561 1355 614 je
1378 561 1724 616 marsikaterega
1749 563 1974 615 pretresla.
2007 562 2100 605 Ne-

249 631 388 674 kateri
421 632 462 673 bi
497 643 569 673 mu
603 631 676 673 bili
709 631 803 673 radi
836 632 1074 687 pomagali,
1109 643 1134 673 a
1167 632 1265 674 niso
1293 632 1446 687 mogli;
1478 633 1674 675 nekateri
1698 645 1828 687 sepa
1851 635 1949 676 niso
1973 634 2102 688 upali.

249 700 317 744 Na
349 702 509 755 zadnJe
533 714 589 757 ga
611 703 652 757 je
676 703 778 744 resil
800 703 902 745 neki
925 703 1083 753 menih‚
1118 703 1344 745 kateremu
1363 703 1405 757 je
1429 703 1518 746 bilo
1540 702 1721 746 Konrad
1742 705 1839 747 ime.
1873 703 2037 747 Nabral
2060 705 2101 759 Je

248 774 348 814 med
373 774 548 828 svojirni
571 774 800 816 sorodniki
823 775 864 816 in
884 774 1042 816 znanci
1062 773 1121 816 140
1141 774 1351 825 talentov,
1375 774 1588 828 podkupil
1607 787 1629 817 s
1651 778 1697 818 to
1721 779 1854 818 vsoto
1878 776 2102 818 strainika

246 847 312 886 ter
354 844 546 898 odpeljal
588 844 823 887 nadskofa.
868 843 935 887 Ta
980 857 1030 887 se
1062 845 1206 887 takrat
1236 845 1373 887 zarad
1406 846 1604 888 varnosti
1637 846 1679 888 ni
1712 846 1878 900 napotil
1910 860 1940 889 ν
1971 847 2101 901 svojo

247 915 422 966 dezelo,
455 918 602 958 ternuc
628 927 683 958 na
707 908 918 958 Svabsko
942 916 968 957 h
993 916 1344 958 konstanskemu
1366 916 1592 959 nadskofu
1614 915 1866 960 Gebhardu.
1900 917 1995 960 Eno
2013 918 2100 960 leto

249 986 438 1040 pozneJe
472 983 572 1039 (leta
598 984 736 1040 1101.)
769 998 819 1028 se
850 987 891 1040 je
924 986 1133 1040 pridruZil
1161 987 1375 1029 krir'carski
1398 987 1557 1040 vojski,
1592 987 1635 1029 ki
1657 988 1697 1041 ie
1721 988 1787 1030 sla
1810 1001 1839 1031 ν
1860 987 2100 1032 Palestino.

390 1056 459 1100 Ko
504 1069 554 1100 se
594 1058 635 1112 ie
680 1051 876 1100 nadskof
918 1058 1157 1100 osvobodil
1202 1058 1329 1111 svoje
1371 1058 1478 1112 jece,
1523 1059 1564 1112 je
1598 1059 1732 1113 bona
1765 1059 1909 1102 kazen
1941 1059 2101 1101 zadela

247 1129 439 1183 njegove
472 1129 766 1184 preganjalce.
799 1128 899 1171 Dva
930 1129 1084 1184 zgoraj
1117 1129 1352 1172 navedena
1387 1130 1511 1171 brata
1537 1133 1607 1172 sta
1627 1130 1714 1172 bila
1736 1131 2101 1186 naimogocnejsa

248 1199 455 1254 gospoda
489 1212 548 1253 po
582 1200 677 1254 vsej
712 1199 981 1254 Karantaniji
1014 1201 1055 1242 in
1088 1200 1216 1242 nihce
1249 1213 1298 1242 se
1330 1200 1432 1254 jima
1466 1202 1508 1242 ni
1541 1202 1687 1256 mogel
1722 1202 1925 1255 protiviti.
1958 1201 2027 1245 Ko
2058 1203 2100 1256 je

248 1282 305 1324 pa
345 1271 478 1324 prisel
510 1270 614 1326 grof
647 1270 874 1314 Dernhard
908 1269 965 1325 (iz
997 1272 1214 1314 rodovine
1249 1271 1568 1326 Spanheimov)
1601 1285 1628 1314 z
1662 1273 1779 1316 malo
1812 1276 1912 1316 ceto
1945 1286 1974 1316 ν
2007 1273 2099 1316 Κ3-

246 1341 474 1395 rantanijo,
509 1345 578 1384 sta
611 1342 699 1384 bila
732 1342 1006 1397 popolnoma
1039 1343 1275 1397 potolcena
1308 1344 1350 1385 in
1384 1344 1569 1386 unicena
1600 1347 1666 1386 ter
1698 1347 1768 1393 sta
1798 1345 1992 1400 izgubila
2014 1357 2098 1387 vso

246 1412 377 1466 svojo
410 1413 607 1467 prejsnjo
641 1417 752 1456 moc.
787 1413 947 1468 Popon
981 1411 1036 1467 (iz
1071 1413 1188 1468 Sele)
1222 1415 1263 1468 je
1297 1426 1352 1469 pa
1387 1415 1508 1457 dobil
1530 1416 1634 1470 jako
1655 1416 1744 1458 hud
1769 1417 1927 1470 protin‚
1960 1417 2099 1459 kateri

248 1495 304 1539 ga
347 1484 389 1537 je
422 1484 552 1526 mucii
585 1497 751 1540 mnogo
784 1486 854 1528 let.
897 1485 1047 1528 Vsako
1081 1489 1167 1528 noc
1197 1487 1238 1540 je
1271 1499 1293 1528 s
1326 1487 1521 1539 scanjem
1555 1487 1715 1530 zm06il
1748 1488 1859 1530 sebe
1892 1489 1934 1530 in
1967 1488 2098 1542 svojo

245 1557 379 1605 ὶρηος
419 1556 564 1598 vsako
596 1556 710 1609 jutro
741 1556 782 1610 je
815 1557 954 1599 moral
988 1557 1116 1599 vsled
1149 1557 1329 1599 smradu
1363 1559 1591 1611 premeniti
1626 1559 1804 1602 obleko.
1836 1558 1966 1601 Vcasi
1987 1571 2037 1602 se
2056 1560 2098 1614 je

244 1625 336 1668 tudi
367 1626 519 1668 zbudil
552 1627 593 1668 iz
626 1628 797 1681 spanja,
833 1627 979 1681 postal
1007 1627 1146 1670 besen
1178 1631 1244 1670 ter
1275 1628 1394 1671 hotel
1427 1629 1622 1671 zadaviti
1655 1630 1788 1684 svojo
1821 1632 1951 1673 Zeno.

385 1693 487 1731 Vita
513 1694 739 1732 chunradi
764 1695 971 1742 archiep..
1000 1706 1033 1732 c.
1053 1697 1073 1731 7
1099 1695 1204 1740 (MG.
1224 1696 1306 1738 SS..
1332 1697 1390 1738 XI,
1417 1698 1496 1741 67J:
1529 1698 1687 1739 „Victus
1714 1699 1847 1744 itaque
1881 1700 2097 1736 catholicus

246 1756 285 1789 et
311 1763 381 1799 per
407 1755 538 1790 omnia
565 1755 603 1790 in
629 1756 843 1791 sanctitate
870 1755 1034 1801 insignis
1070 1757 1282 1801 episcopus
1317 1755 1386 1800 (sc.
1405 1756 1567 1802 Thimo),
1603 1758 1759 1794 occulto
1793 1759 1865 1794 sed
1899 1768 2097 1804 nunquam

245 1813 390 1849 iniusto
417 1814 562 1850 iudicio
589 1814 670 1855 Dei,
700 1824 790 1850 mox
817 1815 919 1850 sicut
945 1816 1169 1860 accepimus
1196 1815 1524 1861 Salzpurgensem
1549 1817 1748 1853 civitatem
1768 1818 1974 1859 transiens,
2001 1820 2096 1863 potu

243 1873 318 1908 sibi
346 1874 580 1914 ministrato,
606 1874 750 1910 Turum
775 1874 967 1915 transivit,
996 1874 1128 1919 ibique
1153 1884 1176 1910 3
1204 1875 1436 1919 quibusdam
1463 1876 1703 1922 principibus
1725 1880 1864 1923 captus
1891 1880 1964 1919 est,
1991 1888 2096 1913 mar-

245 1931 380 1966 diione
405 1931 608 1973 videlicet,
643 1935 684 1968 et
708 1933 951 1969 Starchando
978 1935 1018 1969 et
1044 1934 1163 1970 fratre
1196 1934 1280 1970 eius
1301 1934 1546 1980 Werigando
1578 1945 1650 1972 nec
1685 1946 1763 1973 non
1798 1939 1838 1972 et
1870 1938 2015 1973 comite
2048 1938 2096 1973 de

244 1989 401 2026 Celsach
427 1990 632 2036 Poppone.
666 1992 808 2028 Verum
843 1995 1054 2038 postquam
1089 1994 1408 2039 archiepiscopus
1444 1996 1492 2030 de
1527 1996 1603 2032 hac
1636 1997 1869 2041 captivitate
1905 1997 2095 2033 liberatus

243 2053 315 2091 est,
341 2051 436 2086 ultio
463 2051 594 2087 divina
621 2052 720 2088 istos
747 2052 801 2088 ita
828 2053 1034 2097 percussit,
1060 2055 1101 2088 ut
1128 2063 1215 2088 cum
1243 2054 1321 2089 duo
1347 2054 1399 2089 illi
1426 2053 1567 2091 fratres
1602 2057 1686 2091 tota
1714 2055 1915 2092 Karinthia
1951 2059 2095 2101 poten-

243 2110 394 2145 tissima
421 2110 689 2147 dominatione
715 2112 945 2157 potirentur,
972 2113 1112 2148 nullius
1133 2114 1308 2149 mortalis
1326 2114 1493 2150 hominis
1515 2115 1868 2151 contradictionem
1887 2116 2111 2157 habentes,'

242 2170 375 2206 subito
402 2179 472 2214 per
490 2172 672 2207 comitem
693 2171 968 2213 pernhardum,
996 2173 1060 2217 qui
1079 2182 1166 2208 cum
1185 2173 1431 2217 paucissimis
1453 2174 1637 2211 militibus
1659 2174 1900 2210 Karinthiam
1919 2175 2098 2217 intravit,

242 2228 414 2264 funditus
441 2230 596 2266 contriti
623 2233 714 2266 sunt
732 2233 772 2266 et
791 2231 843 2266 ad
863 2231 1039 2267 nichilum
1066 2232 1225 2273 redacti,
1247 2233 1352 2268 omni
1373 2234 1537 2277 pristina
1558 2235 1734 2278 potentia
1764 2235 1928 2279 perdita.
1954 2235 2093 2280 poppo

242 2297 399 2333 quoque
424 2289 666 2325 validissima
693 2290 864 2336 paralgsi
891 2299 1101 2335 percussus
1128 2293 1201 2334 est,
1228 2291 1266 2327 in
1286 2294 1438 2328 tantum
1458 2294 1499 2328 ut
1519 2302 1607 2328 cum
1635 2294 1762 2329 multis
1783 2294 1896 2328 annis
1917 2294 2094 2335 vixisset,

242 2357 320 2383 non
356 2348 599 2384 dubitaretur
714 2351 754 2385 et
789 2350 952 2395 singulis
989 2351 1170 2386 noctibus
1204 2351 1301 2387 lotio
1335 2361 1379 2387 se
1414 2354 1453 2387 et
1488 2362 1651 2388 uxorem
1686 2362 1798 2388 suam
1837 2353 2092 2397 perfundens,

242 2416 357 2443 mane
390 2417 546 2452 semper
579 2410 741 2453 propter
776 2408 969 2444 foetorem
1010 2412 1160 2445 mutare
1197 2413 1330 2446 vestes
1369 2411 1594 2455 compulsus
1629 2413 1690 2451 sit,
1726 2421 1773 2447 ac
1810 2421 2093 2457 nonnunquam

242 2466 546 2511 expergefactus
574 2467 623 2502 de
649 2476 803 2508 somno,
828 2477 967 2504 versus
994 2469 1032 2503 in
1059 2469 1218 2510 rabiem,
1245 2479 1406 2507 uxorem
1425 2479 1537 2505 suam
1557 2471 1733 2515 iugulare
1753 2471 1932 2507 voluerit.
1958 2471 2092 2507 Archi-

242 2525 453 2569 episcopus
480 2534 576 2561 vero
602 2525 704 2561 sicut
729 2526 895 2562 diximus
923 2527 1121 2569 liberatus,
1148 2530 1241 2573 post
1267 2530 1559 2573 expeditionem
1595 2529 1945 2566 lerosolimitanam
1981 2531 2091 2566 ducis

242 2582 434 2619 Gotefridi
461 2584 726 2620 ierosolimam
753 2587 1010 2628 contendens,
1045 2597 1068 2622 a
1094 2589 1260 2632 paganis
1294 2590 1433 2633 captus
1467 2591 1506 2624 et
1539 2590 1620 2634 regi
1647 2589 1891 2635 Babylonico
1926 2599 2092 2635 presen-

241 2644 358 2683 tatus,
386 2646 478 2686 post
504 2643 646 2680 multos
673 2654 824 2690 agones
852 2645 1024 2691 gloriosa
1052 2647 1239 2690 passione
1266 2648 1486 2683 occubuit.¹‘

383 2701 546 2739 Passio
572 2701 835 2740 'thiemonis
862 2703 1200 2751 ardriepiscopi,
1235 2716 1267 2742 c.
1285 2707 1309 2742 8
1333 2706 1438 2750 (MG.
1459 2707 1538 2748 SS„
1566 2708 1623 2748 Xl.
1650 2707 1727 2752 56):
1808 2736 1816 2744 .
1837 2736 1845 2744 .
1865 2708 1951 2744 Non
1970 2709 2091 2744 multo

242 2762 334 2805 post
361 2770 448 2796 cum
474 2770 543 2805 per
568 2762 762 2798 Thaurum
789 2766 961 2799 montem
990 2765 1026 2800 in
1053 2764 1295 2801 Karinthiam
1314 2766 1387 2802 iter
1403 2767 1564 2812 legeret,
1592 2776 1686 2802 ecce
1704 2765 1935 2804 Oudalricus
1956 2777 2090 2805 comes

243 2820 410 2864 partium
436 2821 597 2862 cesaris,
623 2821 713 2857 dum
740 2822 822 2858 vult
848 2823 990 2859 malam
1009 2823 1190 2860 virtutem
1211 2825 1344 2861 secula
1365 2825 1494 2861 futura
1517 2836 1688 2867 narrare,
1713 2836 1833 2863 ausus
1855 2830 1915 2863 est
1934 2837 2089 2863 manum

243 2878 476 2924 sacrilegam
504 2880 657 2916 mittere
685 2882 722 2916 in
749 2882 929 2917 christum
955 2881 1128 2923 Domini,
1164 2887 1203 2919 et
1228 2885 1266 2920 in
1293 2885 1380 2929 ipso
1417 2886 1548 2920 monte
1577 2885 1628 2920 nil
1662 2886 1786 2922 minus
1821 2889 2089 2931 suspicantem

240 2938 494 2974 circumvenit
520 2939 718 2976 dominum
745 2951 856 2976 suum
884 2944 923 2977 et
949 2943 1063 2988 cepit.
1090 2942 1241 2979 Nullum
1269 2954 1392 2989 genus
1414 2953 1687 2989 erumpnarum
1707 2946 1813 2990 quod
1830 2947 1955 2990 turpe,
1983 2947 2089 2991 quod

240 2998 422 3032 miserum
449 3000 568 3038 esset,
603 3000 640 3035 in
667 3009 714 3035 ea
741 3001 972 3045 captivitate
998 3011 1068 3046 per
1094 3003 1399 3047 quinquennium
1434 3006 1618 3048 expertus
1646 3013 1724 3040 non
1751 3009 1824 3041 est.
1859 3005 1915 3041 De
1947 3006 2088 3050 quibus

239 3056 419 3092 omnibus
438 3057 660 3103 singillatim
681 3059 713 3095 si
741 3069 874 3104 parem
902 3061 1105 3103 disserere,
1131 3062 1320 3098 incertum
1340 3063 1467 3098 habeo
1488 3064 1596 3109 piget
1615 3064 1739 3109 magis
1760 3074 1810 3100 an
1829 3065 1960 3109 pudet.
1990 3065 2087 3100 Nam

240 3118 279 3151 et
304 3117 495 3151 maximus
530 3116 706 3153 locorum
743 3119 946 3164 episcopio
980 3121 1285 3162 subiacentium,
1320 3122 1470 3157 scilicet
1495 3121 1754 3165 Frisacensis,
1790 3124 1844 3159 uti
1880 3133 1967 3160 cum
2000 3125 2088 3169 ipso

239 3176 413 3210 antistite
440 3175 501 3211 vel
538 3175 733 3212 deleretur
758 3177 931 3215 funditus
957 3180 1020 3216 vel
1046 3180 1083 3216 in
1110 3181 1246 3216 fiscum
1282 3181 1477 3226 publicum
1513 3182 1774 3228 redigeretur,
1810 3184 2087 3228 quinquennali

241 3234 450 3270 obsidione
483 3237 698 3279 temptatus
734 3239 796 3272 est
830 3240 949 3283 atque
982 3242 1150 3276 vexatus
1178 3268 1186 3276 .
1209 3268 1216 3276 .
1236 3243 1268 3276 .“
1309 3240 1425 3284 (Nato
1461 3241 1613 3287 opisuje
1646 3242 1812 3278 neznani
1847 3243 1999 3288 pisatelj
2037 3253 2086 3278 na

240 3294 360 3340 dolgo
387 3294 426 3330 in
454 3294 598 3336 siroko,
635 3295 697 3341 kaj
724 3297 759 3341 je
786 3298 909 3333 moral
937 3299 1108 3335 nadskof
1133 3299 1322 3335 Thiemon
1350 3301 1534 3346 pretrpeii
1568 3301 1665 3345 pred
1689 3301 1852 3337 Breiani
1887 3301 1933 3345 (c.
1952 3303 1985 3341 8,
2012 3303 2034 3337 l.
2054 3312 2086 3338 c.

238 3362 275 3398 p.
291 3352 363 3397 56),
400 3356 532 3398 potem
558 3363 584 3388 v
609 3354 694 3399 jeci.
730 3355 812 3400 kjer
837 3366 883 3393 so
911 3367 959 3403 ga
987 3358 1105 3394 hoteli
1140 3361 1293 3395 umoriti
1329 3360 1376 3403 (c.
1393 3360 1427 3396 9.
1463 3369 1498 3405 p.
1518 3360 1577 3404 57)
1604 3362 1642 3396 in
1678 3360 1780 3397 kako
1814 3362 1850 3406 je
1884 3362 1935 3396 bil
1972 3366 2085 3398 resen

237 3411 286 3455 (c.
306 3412 361 3453 10,
388 3421 424 3457 p.
443 3412 516 3455 58).
